2622 4206
263 267 267 274 ·
347 233 409 298 DE
436 231 579 299 msa
606 231 868 298 LEGATIONE
1012 237 1072 296 241

136 393 304 472 τηγιῶντες
317 389 372 456 καὶ
393 389 596 474 προστασίας
616 387 799 472 ἅξιοίμενοι,
819 388 852 453 σί
869 387 991 472 μείζους
1011 393 1076 456 τῶν

135 495 270 558 πολλῶν
298 491 433 572 οἰόμενοι
462 490 526 556 δεῖν
550 489 636 556 εἶναι.
687 490 723 556 οὐ
746 491 910 577 Περίλαος
938 491 1075 575 ἐκρίνετο

135 594 271 682 {vap-xor
295 594 329 658 ἐν
352 592 516 677 Μεγάροις
538 593 571 657 ἐν
593 597 658 662 τοῖς
680 590 686 674 Ι
708 592 902 678 τριακοσίοις
924 590 973 656 ’ίιτι
998 591 1076 676 πρὸς
1087 598 1152 676 436

135 697 310 762 Φίλιππον
330 693 475 780 ἀφίκετο,
495 694 549 758 καὶ
570 693 739 777 παρελθὼν
762 692 962 778 Πτοιόδωρος
983 691 1077 759 αὐτὸν

134 797 323 882 ἐξῃτήσατο,
353 795 408 860 καὶ
436 793 566 880 πλούτῳ
595 795 649 859 καὶ
673 795 756 878 γένει
780 795 835 860 καὶ
858 794 931 879 δόξῃ
953 798 1076 879 πρῶτος

135 897 319 984 Μεγαρέων,
347 896 402 961 καὶ
430 896 532 962 πάλιν
556 895 598 967 ὥς
627 897 799 962 Φίλιππον
828 897 998 981 ἐξεπεμψε,
1022 895 1077 962 καὶ

133 1000 217 1083 μετὰ
233 996 372 1066 ταῦταὸ
395 997 454 1077 μὲν
470 997 545 1080 ἧκεν
564 999 651 1083 ἄγων
671 1000 743 1070 τοὺς
760 1001 873 1082 ξένους,
898 999 916 1064 ὁ
939 999 965 1064 δ’
989 999 1077 1066 ἔνδον

63 1116 121 1188 338
135 1100 282 1185 ἐτύρευε,
310 1104 451 1166 τοιαῦτα.
483 1100 520 1165 οὐ
540 1101 601 1188 γὰρ
622 1103 718 1179 ἔστιν,
739 1101 796 1167 οὐκ
818 1103 906 1167 ἔστιν
925 1102 943 1164 ’ὁ
961 1127 993 1167 τι
1014 1105 1077 1168 τῶν
1091 1113 1146 1184 ²9⁶

134 1204 266 1270 πάντων
279 1207 408 1286 μᾶλλον
427 1201 636 1281 εὐλαβεῖσθαι
655 1203 739 1284 δεῖἣ
759 1205 796 1268 τὸ
811 1203 904 1286 μείζω
924 1203 995 1268 τινὰ
1015 1207 1077 1270 τῶν

134 1308 269 1371 πολλῶν
289 1305 344 1368 ἐᾶν
364 1304 538 1387 γίγνεσθαι.
573 1304 617 1387 μή
639 1331 693 1386 μοι
713 1304 862 1384 σωζέσθιο
880 1303 952 1387 μηδ’
973 1303 1078 1370 α’πολ·

133 1407 247 1474 λὺσθω
261 1405 378 1488 μηδείς,
393 1404 447 1470 ἐὰν
461 1405 478 1470 ὁ
493 1405 579 1472 δεῖνα
592 1405 612 1488 ἢ
633 1406 650 1471 ὃ
670 1406 755 1472 δεῖνα
770 1407 938 1488 βούληται,
953 1405 1027 1471 ἀλλ’
1043 1405 1078 1472 δν

133 1509 176 1578 ἂν
198 1507 241 1573 τὰ
261 1505 470 1593 πεπραγμένα
493 1507 577 1590 σώζῃ
599 1506 654 1571 καὶ
678 1506 866 1584 τούναντίον,
895 1505 997 1591 τούτῳ
1022 1510 1078 1588 τῆς

134 1607 361 1694 προσηκούσης
381 1605 497 1694 ψήφου
513 1607 590 1692 παρ’
607 1607 697 1690 ὑμῶν
711 1607 880 1696 ὑπαρχέτω
900 1607 1078 1695 τυγχάνειν·

133 1795 375 1856 ν.-προστασίας
395 1791 425 1840 F.
444 1792 470 1842 S·
488 1791 519 1840 Y.
537 1791 567 1842 0.
585 1791 610 1842 k.
628 1805 649 1840 s.
665 1793 685 1841 t.
703 1806 732 1840 u.
746 1807 769 1841 v.
789 1790 830 1840 A¹.
870 1794 1022 1854 προστασίαν
1046 1793 1076 1854 Q.

133 1859 291 1920 προστασιῶν
307 1857 563 1918 vulgo—expono
578 1870 600 1904 r.
634 1855 677 1906 Sio
693 1859 783 1915 ἔκρινας
799 1860 835 1905 om
847 1859 859 1917 5
871 1857 926 1914 336,
944 1860 969 1904 et
986 1860 1078 1920 ἔκρινας

132 1923 241 1985 plurimi
253 1921 332 1970 (lodd.
349 1921 527 1982 §ssa—ra
539 1923 637 1968 τοιαῦτα
652 1934 671 1970 s.
707 1919 805 1969 Vellem
819 1919 848 1968 in
864 1921 979 1982 pluribus
994 1935 1077 1982 reper-

133 1987 317 2035 turn-Pro
335 1988 435 2047 ἐτύρευε,
454 1987 612 2048 κατεσκεύαζε
627 1988 672 2048 βω,
689 1984 826 2032 manifesta
844 1985 934 2046 glossa,
955 1985 996 2034 nli
1012 1984 1078 2034 vidit

135 2051 246 2100 Tarsos.
283 2052 390 2111 ἐτύρευεν
399 2049 449 2095 En.
461 2048 551 2096 Turro.
563 2049 649 2096 Vonlr.
660 2049 743 2100 Bm
758 2051 788 2098 st.

184 2117 264 2174 5338.
292 2117 318 2162 δν
331 2114 592 2172 ἐὰνὸδιῖναῆὁδεῖνα
601 2116 626 2174 β.
640 2113 708 2172 vulg
720 2114 780 2160 ante
789 2112 874 2161 Bm.
902 2111 1079 2162 ovlbhabenl

135 2179 241 2241 quidem
263 2178 360 2238 aliquot
381 2176 449 2233 libri,
473 2177 518 2224 sed
542 2177 617 2236 plane
638 2176 769 2242 mendosa
783 2179 822 2224 σοι
842 2179 931 2237 ulpole
953 2176 1079 2226 citerioris

135 2242 298 2293 Graeoitalis.
315 2291 319 2300 f
335 2243 363 2289 ἂν
380 2241 405 2291 S.
423 2241 500 2290 Dmn.
520 2240 604 2290 Vonn.
622 2240 704 2288 Bm.
723 2242 755 2290 sl.
790 2240 850 2288 Mox
865 2243 978 2300 ἢὸδεΐνα
989 2255 1078 2288 omnes

136 2310 166 2356 ul
177 2306 299 2355 videntur
311 2304 376 2365 libri,
386 2305 415 2352 in
425 2323 465 2366 γρ.
475 2303 499 2353 S.
510 2305 537 2366 [“
545 2304 590 2352 ubi
600 2304 678 2352 eliam
690 2307 731 2352 ἐὰν
740 2319 786 2364 pro
799 2304 953 2364 dv''D1wo.]‚
965 2319 1013 2353 om.
1026 2305 1077 2351 En.

136 2373 229 2420 Turro.
242 2371 326 2418 Vorn.
340 2369 421 2417 Bm
439 2370 470 2417 st.
491 2368 546 2430 [qui
562 2368 624 2416 olim
639 2368 712 2416 unois
728 2367 839 2416 inoluser
855 2370 885 2430 t].
920 2368 970 2417 Sed
982 2367 1034 2416 wid.
1047 2381 1077 2415 11.

136 2435 243 2496 Olynlh.
262 2448 287 2495 p.
301 2435 332 2485 27
347 2437 360 2494 ἓ
371 2434 410 2490 31,
423 2434 436 2482 ὀ
447 2435 511 2480 δεῖνα
524 2435 562 2482 καὶ
578 2435 664 2482 ὁδεῖνα
675 2447 744 2494 supr.
756 2436 769 2493 ᾖ
781 2434 836 2492 185,
848 2446 867 2481 1.
879 2432 989 2494 Philipp.
1007 2446 1031 2493 p.
1046 2433 1077 2481 53

136 2612 587 2740 welzlldllzlellllel
636 2611 1081 2737 {lwslllllllllldlb
1165 2647 1168 2653 “

136 2759 181 2793 vn.
193 2744 217 2803 1,
225 2739 357 2790 33.-ὲν
366 2740 497 2802 Μεγάρας]
515 2739 585 2787 “Μο-
636 2739 793 2800 authority.“
829 2739 943 2789 Perilaus
964 2740 987 2789 is
1008 2756 1079 2790 men·

137 2822 199 2868 gara
210 2819 263 2854 was
274 2805 365 2852 atthis
376 2806 448 2862 lime,
463 2818 491 2852 as
502 2803 524 2850 il
535 2802 586 2851 hed
636 2803 725 2852 lioned
732 2807 848 2865 amongst
856 2804 900 2852 the
907 2805 1079 2863 braitorswho

137 2870 260 2936 probably
271 2883 347 2917 never
358 2867 447 2916 oeased
457 2869 485 2915 to
496 2868 534 2926 be,
549 2867 586 2914 di·
636 2868 702 2917 siler
712 2867 798 2930 Philip
809 2869 860 2916 had
868 2869 960 2928 gained
969 2870 1036 2918 what
1046 2869 1080 2918 he

137 2935 213 2985 vided
235 2934 349 2981 between
373 2932 440 2980 rival
465 2931 582 2991 iaolions,
635 2931 743 2990 wanted,
762 2947 826 2981 were
846 2935 898 2981 aasl
916 2933 951 2980 off
968 2933 1019 2982 and
1037 2934 1079 2981 be·

137 2998 222 3047 whioh
232 2997 349 3046 however
356 3009 425 3044 seem
433 2997 512 3043 nollo
520 2995 585 3043 have
636 3009 706 3044 earne
720 2995 875 3057 universally
886 2997 1080 3058 oontemptiblar

137 3063 203 3112 been
215 3076 243 3110 so
254 3061 425 3109 turbulentas
436 3061 463 3107 lo
479 3061 585 3120 prevent
635 3059 667 3107 de
678 3059 768 3111 (loron.
782 3075 808 3120 p.
820 3061 867 3107 242
880 3063 893 3119 §
905 3061 945 3108 48.

138 3127 160 3176 it
170 3128 238 3176 from
254 3124 374 3186 enjoying
389 3137 404 3171 a
417 3123 481 3184 high
496 3123 585 3183 degree
668 3125 724 3173 436.
742 3126 754 3184 ἓ
770 3126 824 3174 337.
865 3123 970 3187 ἐτύρευε]
995 3123 1079 3174 “Was

139 3191 165 3239 oi
179 3189 326 3252 prosperily
343 3189 453 3252 (Isocral.
474 3187 505 3235 de
521 3188 586 3235 Pace
636 3188 741 3248 making
762 3188 807 3236 the
827 3187 937 3247 eheese,'’
961 3189 1006 3236 i.e.
1029 3203 1080 3236 was

140 3255 219 3316 §143
242 3255 277 3315 [p.
297 3251 342 3300 183
360 3254 384 3313 a]
402 3254 522 3314 Μεγαρεῖς
525 3289 582 3301 ......
637 3251 839 3312 eonoootinglhe
850 3252 911 3312 plot.
942 3252 985 3312 Cp.
1001 3251 1078 3301 Arist.

136 3321 265 3382 μεγίστους
292 3320 367 3366 οἴκους
394 3317 441 3364 τῶν
464 3317 588 3375 Ἐλλήνων
636 3314 723 3375 Equis
733 3316 781 3366 479
791 3319 829 3364 καὶ
837 3318 884 3364 τάκ
892 3315 1081 3365 Βοιωτῶνταῦτα

137 3385 341 3442 κέκτηνταικτλ.
357 3379 395 3429 Ol.
401 3381 587 3428 Demosthenes
637 3378 947 3441 συντυρούμενα-τοιαῦτα
960 3379 983 3427 is
999 3379 1081 3428 added

137 3447 258 3496 Arisloer.
284 3447 320 3507 [p.
338 3445 394 3505 691]
417 3446 429 3504 ἓ
446 3444 513 3505 256),
536 3442 588 3493 end
637 3457 665 3491 as
684 3443 830 3492 τὰτοιαῦτα
846 3443 988 3502 elsewhere,
1006 3444 1081 3492 “and

137 3512 210 3560 there
234 3523 277 3558 are
299 3508 454 3556 indicatione
474 3507 533 3556 that
552 3507 586 3556 its
636 3506 681 3555 the
695 3507 774 3556 like.”
809 3507 855 3557 See
870 3506 990 3556 Cherson
1010 3521 1034 3568 p.
1049 3509 1081 3557 96

137 3577 203 3625 form
215 3575 243 3622 oi
253 3574 419 3634 governmenl
426 3586 478 3620 was
484 3575 530 3620 not
539 3587 585 3619 un·
637 3571 698 3632 §25‚
707 3570 768 3620 Mid.
779 3585 803 3632 p.
816 3571 947 3631 5595136.
977 3572 1010 3620 In
1019 3571 1082 3622 sueh

136 3637 411 3701 happilytampered.”
435 3635 537 3697 Thirlp.
549 3650 585 3686 τι.
637 3635 795 3696 expressions
807 3638 845 3684 καὶ
858 3635 886 3682 in
902 3634 984 3685 Greek
996 3635 1047 3684 and
1058 3642 1082 3686 et

138 3701 389 3764 15‚whoinhisnote
397 3701 469 3750 adds:
484 3699 586 3749 “There
637 3698 667 3748 in
678 3693 755 3748 Latin
773 3700 844 3761 (alia,
857 3703 947 3761 cetera)
964 3714 1007 3748 ere
1021 3713 1081 3748 usu-

224 3817 248 3864 ο.
272 3815 351 3864 nan
956 3801 995 3863 16
