2640 4194
347 227 406 292 DE
433 229 575 294 FALSA
603 231 867 295 LEGATIONE.
1034 233 1075 296 33

139 379 348 462 ἀδικημάτων,
373 383 409 446 τὸ
433 383 487 448 τὸν
511 381 680 448 Φίλιππον
705 384 880 462 ἐπιστῆσαι
905 386 970 452 τοῖς
994 379 1076 469 πρά-

138 507 243 562 γμασι
253 480 380 560 τούτοις,
393 483 446 548 καὶ
457 483 525 546 δέον
537 481 615 564 ὑμᾶς
626 482 761 570 ἀκοῦσαι
772 484 844 566 περὶ
857 487 919 547 τῶν
930 481 1076 566 πραγμά-

139 608 211 660 των,
229 581 296 646 εἶτα
312 584 561 661 βουλεύσασθαι,
577 583 658 663 μετὰ
677 589 778 648 ταῦτα
795 583 830 648 δὲ
847 583 1000 669 πράττειν
1015 582 1031 647 ύ
1045 608 1077 647 τι

139 680 236 762 δόξαι,
261 683 327 764 ἅμα
350 683 472 748 ἀκούειν
494 681 637 749 κάκεῖνον
661 689 806 769 παρεῖναι
832 684 886 748 καὶ
910 683 981 765 μηδ’
1000 681 1021 774 ll
1044 708 1077 748 τι

85 805 125 861 39
140 783 202 868 χρὴ
222 791 324 850 ποιεῖν
340 785 448 872 ῥᾴδιον
468 785 567 851 εἰπεῖν
585 785 784 872 εἶναι-πρὸς
799 786 832 850 δὲ
847 785 968 856 τούτοις
983 789 1074 850 τοῦτο
1087 812 1103 867 3
1108 805 1128 864 5

137 887 195 966 μὲν
224 886 322 954 οὐδεὶς
350 886 468 967 ἀνέγνω
497 890 542 972 τῷ
569 887 656 970 δήμῳ
685 890 721 953 τὸ
749 888 984 974 προβούλευμα,
1012 885 1073 952 οὐδ’

136 987 271 1065 ἤκουσεν
282 985 295 1073 l
315 989 330 1052 ὁ
352 989 455 1069 δῆμος,
472 988 610 1058 ἀναστὰς
631 987 655 1052 δ’
675 988 764 1059 οὗτος
784 989 967 1072 ἐδημηγόρει
987 986 1075 1054 ταῦθ’
1091 1007 1107 1069 3
1113 1003 1159 1068 52.

137 1088 159 1152 ἃ
173 1091 337 1171 διεξῆλθον
348 1092 420 1174 ὅρτι
434 1090 512 1175 πρὸς
527 1091 606 1171 ὑμᾶς
621 1090 691 1172 ἐγώ,
704 1093 744 1155 τὰ
758 1090 869 1155 πολλὰ
882 1090 935 1155 καὶ
949 1092 1076 1174 μεγάλα

136 1189 251 1274 α’γαθά,
274 1189 296 1258 ἃ
317 1191 472 1262 πεπεικὼς
494 1193 554 1278 ἔφη
577 1190 630 1266 τὸν
652 1192 821 1258 Φίλιππον
841 1191 928 1272 ἣκειν
949 1193 1003 1258 καὶ
1024 1191 1077 1257 διὰ

136 1298 229 1358 τοῦτο
251 1293 389 1380 χρήμαθ’
410 1295 510 1380 ἑαυτῷ
530 1293 602 1363 τούς
623 1294 786 1374 Θηβαίους
807 1293 1074 1381 ἐπικεκηρυχέναι.

137 1393 213 1460 ὥσθ’
228 1395 308 1478 ὑμᾶς
325 1397 603 1478 ἐκπεπληγμένους
616 1401 655 1480 τῇ
671 1397 832 1483 παρουσίᾳ
846 1396 882 1461 τὸ
896 1401 1021 1479 πρῶτον
1036 1401 1075 1480 τῇ

135 1501 194 1562 τού
219 1497 396 1574 Φιλίππου,
421 1499 475 1563 καὶ
499 1498 620 1569 τούτοις
646 1498 859 1585 ὀργιζομένους
885 1497 939 1561 ἐπὶ
964 1502 1009 1583 τῷ
1030 1497 1075 1578 μὴ

136 1601 394 1684 προηγγελκέναι,
414 1601 605 1686 πραοτέρους
629 1601 777 1684 γενέσθαι
802 1601 892 1677 τινές,
910 1599 1006 1666 πάνθ’
1024 1600 1073 1663 'do’

135 1701 303 1776 ἐβούλεσθ’
331 1700 405 1784 ὑμῖν
434 1703 565 1766 ἔσεσθαι
593 1700 883 1788 προσδοκήσαντας,
913 1701 966 1766 καὶ
994 1701 1074 1783 μηδὲ

135 1851 161 1899 S.
170 1850 200 1898 Y.
210 1864 230 1898 r.
243 1850 284 1900 Al.
296 1849 337 1898 A².
370 1853 418 1912 χρῆ
440 1865 461 1898 s.
486 1852 534 1912 χρὴ
555 1849 640 1910 recepi
661 1865 720 1898 cnm
741 1850 818 1900 D1so.
844 1851 870 1898 el
897 1851 947 1900 En.
975 1851 1066 1903 Tune.

137 1915 282 1962 “Fortasse
298 1915 434 1974 legendum
448 1919 516 1975 χρείη
524 1917 538 1940 ”
553 1914 636 1961 Bm.
666 1913 777 1962 Omnino
794 1915 864 1974 χρείη
881 1918 927 1962 sut
944 1934 1000 1976 χρη.
1034 1917 1069 1965 In

133 1979 199 2026 Plel.
208 1978 281 2038 Apol.
292 1977 350 2027 init.
362 1977 499 2038 reponend.
509 1980 557 2038 χρὴ
571 1992 593 2038 q.
607 1977 704 2026 habent
715 1977 824 2026 Bekkeri
835 1981 887 2026 tres
896 1979 974 2028 Godd.
990 1981 1068 2044 (unns

132 2057 165 2092 ex
174 2042 248 2104 corr.)
261 2043 320 2103 [χρὴ
331 2041 415 2089 Vonn.
423 2042 507 2090 Bm.
520 2044 563 2104 si]

181 2107 248 2166 §39.
283 2106 355 2156 τούτο
368 2105 392 2156 S.
407 2105 438 2154 Y.
465 2106 541 2166 vulgo
556 2105 642 2155 ταῦτα.
671 2108 886 2169 προσηγγελκέναι.
905 2106 1069 2162 S.l.u.v.B.

132 2221 194 2332 Μιγχ
212 2233 258 2281 pro
275 2221 336 2270 τινδς
353 2218 470 2268 certatim
490 2219 618 2280 corrigunt
634 2217 709 2270 τινάς.
742 2186 804 2270 ravis
822 2220 850 2270 0.
881 2221 977 2270 τινάςτ.
1006 2209 1065 2273 vid.

97 2331 98 2339 ,
131 2299 186 2332 no.

95 2435 99 2441 ·
131 2411 224 2460 should
234 2413 281 2459 nol
297 2409 329 2458 be
339 2424 390 2472 any
404 2423 464 2471 easy
473 2411 573 2466 matter,

132 2475 365 2535 ἅμ”-ἐπιστῆσαι]
393 2474 500 2521 consult
514 2477 574 2521 note

132 2555 167 2588 on
177 2540 285 2601 p.444§
302 2539 357 2595 371,
370 2536 421 2585 end
439 2552 520 2598 comp.
543 2537 574 2586 de

131 2603 223 2652 (loron.
234 2617 260 2664 p.
272 2603 319 2651 236
330 2605 342 2662 ξ
353 2603 392 2650 32.

163 2669 227 2729 539.
260 2670 318 2729 πρὸς
337 2669 363 2715 δὲ
383 2664 474 2715 τούτοις
490 2665 574 2713 would

129 2731 195 2780 have
213 2732 278 2780 been
295 2729 402 2779 omitted
417 2730 464 2777 bul
476 2730 515 2777 ior
529 2729 573 2777 the

129 2795 265 2856 preceding
283 2795 375 2855 sbrupt
401 2793 569 2855 parenthesis,

128 2859 174 2907 the
196 2859 304 2920 original
322 2857 472 2906 connection
487 2859 513 2905 ol
528 2856 573 2905 lhe

128 2938 237 2987 passage
255 2923 331 2983 being
342 2922 407 2970 this:
425 2923 468 2981 τῆς
484 2923 503 2970 δ’
521 2923 570 2970 ἐκκ.

128 3006 154 3048 γ.
165 2991 203 3036 καὶ
212 2991 254 3036 τοῦ
264 2991 292 3034 Φ.
301 3006 357 3044 παρ.
368 2987 488 3042 τοῦτομὲν
499 3004 542 3035 roc.
547 2988 572 3034 λ.

129 3052 227 3114 (comp.
249 3050 362 3110 Thucyd.
382 3065 414 3097 1v.
434 3051 480 3097 132
502 3050 571 3112 ἑτύγ·

128 3133 188 3176 χανε
200 3114 295 3179 γάρ...δ
307 3118 332 3164 δὲ
340 3117 490 3176 Περδίκκας.)
507 3114 571 3161 Voe-

127 3180 201 3228 mel's
231 3178 400 3227 “infinitivus
426 3178 571 3225 exclamati-

126 3257 176 3292 vus
184 3246 199 3269 ''
208 3243 296 3306 (fancy
306 3243 474 3304 theirpcttc‘np
482 3243 571 3302 Philip

128 3315 157 3356 at
178 3309 218 3355 the
242 3308 306 3356 head
325 3308 355 3368 os
373 3308 569 3368 affairs...foncy

126 3386 192 3434 μουν
209 3372 420 3432 hecrinp...scccy
432 3371 454 3417 ιί
470 3377 515 3418 μοι
533 3372 569 3417 be-

126 3438 171 3496 ίκρ
183 3436 299 3498 easy...)
313 3447 394 3482 seems
414 3436 440 3480 to
459 3447 501 3482 me
518 3433 569 3482 sin·

126 3499 226 3562 gulsrly
236 3500 281 3546 out
292 3499 318 3547 ol
328 3498 400 3562 plcce
410 3497 478 3546 here.

159 3565 214 3613 352.
248 3565 311 3622 539.
331 3563 473 3624 πραοτέρους
476 3600 533 3611 ......
537 3580 570 3610 τι-

141 3626 148 3646 ¹
208 3633 224 3656 ιι
326 3645 327 3648 ¹
358 3627 363 3636 ·

125 3631 223 3754 ύδοιδύιμ.”
231 3627 275 3740 Ml
276 3641 319 3739 1llo
328 3626 393 3738 ligii
399 3625 568 3740 rilnaellnb‘llye

211 3803 236 3852 S.
259 3803 339 3852 DEM.

625 2407 858 2470 preciselyparellel
863 2409 963 2471 phrase.
975 2416 991 2440 ‘¹
998 2412 1068 2462 More

625 2473 690 2521 then
701 2487 752 2533 eny
763 2473 836 2534 thing
842 2473 855 2496 '⁹
867 2474 890 2522 ie
901 2476 1001 2537 usually
1012 2491 1068 2524 ren·

625 2537 702 2584 dered
715 2537 744 2585 in
756 2537 838 2586 Greek
852 2538 885 2599 by
894 2539 966 2599 ἧττον
980 2539 1068 2591 οὐδενὸς

627 2601 681 2662 (less
702 2603 763 2649 than
784 2603 896 2666 κοιλιαρ)
920 2603 971 2650 ond
993 2619 1021 2652 so
1039 2605 1068 2653 in

625 2665 670 2713 lhe
681 2680 738 2713 cese
750 2665 776 2712 of
788 2665 885 2714 similer
897 2669 1065 2728 expressions.

625 2729 737 2790 Thucyd.
748 2743 793 2779 vu.
808 2732 839 2780 29
847 2730 895 2778 has
906 2732 1067 2795 esingulorly

624 2793 723 2841 worded
744 2796 873 2844 sentence:
898 2799 937 2844 καὶ
959 2797 1066 2859 ξυμφορὰ

624 2861 657 2918 τῇ
667 2858 736 2906 πόλει
746 2857 815 2918 πείσῃ
827 2860 955 2916 οὐδεμιᾶς
972 2861 1066 2919 ἥσσων

624 2924 739 2980 μᾶλλον
766 2925 863 2984 ἑτέρας
891 2923 1004 2981 ἀδόκητός
1037 2945 1065 2973 τε

624 2985 741 3034 ἐπέπεσεν
759 2988 819 3045 αύτη
836 2991 876 3036 καὶ
898 2987 967 3046 δεινή.
996 2989 1064 3036 Here

624 3064 674 3097 one
691 3051 774 3098 would
788 3051 899 3111 imagine
909 3055 1003 3110 μᾶλλον
1013 3052 1063 3100 ἑτέ·

623 3132 664 3175 ρας
672 3115 699 3162 to
715 3113 746 3162 be
761 3130 777 3162 ο
787 3116 868 3174 gloss:
884 3115 930 3162 but
941 3129 977 3162 we
988 3116 1064 3174 again

622 3178 677 3225 find
688 3192 704 3226 1.
718 3178 764 3226 138
775 3179 804 3236 ῆν
814 3179 861 3241 γάρ
872 3179 885 3226 ὁ
902 3181 1064 3239 θεμιστοκλῆς

622 3241 808 3304 βεβαιύταταδὴ
825 3244 916 3303 φύσεως
936 3245 1006 3302 ἰσχύν
1024 3247 1062 3302 δη-

623 3309 710 3364 λώσας,
727 3309 766 3354 καὶ
790 3307 980 3368 διαφερόντως
998 3325 1023 3362 τι
1039 3311 1063 3360 ἐς

623 3369 681 3419 αύτδ
692 3371 805 3428 μάλλον
815 3371 912 3432 ἑτέρου
925 3369 989 3429 α’ξιος
1006 3373 1062 3420 dao-

621 3436 704 3492 μιίοαι,
716 3433 767 3481 ond
778 3449 812 3481 1v.
822 3436 837 3481 3
848 3437 883 3494 τῷ
894 3434 1063 3498 δὲδιιίφορόν

621 3517 645 3546 τι
663 3497 740 3550 ,ἐδόκει
768 3499 825 3546 εἶναι
844 3500 914 3546 τοῦτο
932 3501 961 3548 τδ
977 3503 1062 3560 χωρίου

620 3561 870 3686 {illeille}
889 3561 1062 3686 ς’ἓδδμθὶἰ

623 3689 721 3752 ...rode
742 3689 793 3738 end
811 3690 925 3752 Thucyd.
935 3705 971 3741 vr.
991 3691 1022 3740 16
1041 3695 1064 3742 el

954 3791 975 3854 3
