2640 4194
272 823 921 951 ΔΗΜΟΣΘΕΝΟΥΣ
1079 851 1138 915 οι

509 1012 528 1052 0
545 1013 614 1052 ΠΕΡΙ
630 1011 686 1054 ΤΗΣ

347 1157 840 1230 ΠΑΡΑΠΡΕΣΒΕΙΑΣ

513 1312 673 1385 ΛΟΓΟΣ.

341 1605 568 1672 ΛΙΒΑΝΙΟΤ
598 1603 850 1675 ’ΤΠΟΘΕΣΙΣ

194 1755 415 1827 ΑΙΣΧΙΝΗΣ
435 1755 474 1838 ἦν
493 1755 570 1842 ἀνὴρ
590 1755 763 1836 Ἀθηναῖος,
785 1757 848 1827 υἱὸς
872 1754 1069 1845 Ἀτρομήτου

20 1849 27 1866 ’
129 1857 183 1923 καὶ
205 1858 416 1937 Γλαυκοθέας,“
436 1857 622 1944 ἀμφοτέρων
645 1857 771 1942 ἀδόξων,
799 1857 838 1929 ὥς
859 1863 941 1944 φησι
961 1862 1068 1939 Δημο-

129 1959 250 2040 σθένης·
280 1962 334 2025 τὸν
354 1960 413 2043 μὲν
433 1960 494 2044 ηὰρ
516 1960 690 2044 ηριίμματα
718 1960 918 2040 διδάσκοντα,
949 1959 1007 2041 τήν
1036 1959 1070 2023 δὲ

128 2061 344 2148 καθαίρονσαν
358 2063 411 2128 καί
425 2061 555 2132 τελετάς
569 2089 655 2134 τινας
670 2063 706 2129 οὐ
721 2063 898 2131 σπουδαίας
912 2062 1069 2129 τελοῦσαν

129 2164 365 2250 φησιδιαζήνι·
386 2164 599 2251 παραδέδοται
623 2165 732 2231 δὲκαὶ
756 2164 848 2236 αὐτὸς
871 2164 888 2229 ὁ
912 2165 1070 2252 Αἰσχίνης

129 2265 312 2351 τραγῳδιῶν
326 2292 360 2330 τε
375 2265 544 2355 ὑποκριτής
557 2266 719 2350 γενόμενος
733 2268 787 2333 καὶ
800 2266 1000 2354 ιγραμματεὺς
1014 2271 1070 2348 τῆς

129 2367 262 2448 πόλεως,
286 2365 354 2450 ήτις
377 2365 418 2449 ἦν
441 2367 568 2450 εὐτελής
593 2369 759 2457 ὑπηρεσία.
805 2369 937 2454 ἰίστερον
963 2367 1070 2452 μέντοι

130 2472 193 2534 τῶν
216 2468 357 2555 ῥητόρων
380 2469 423 2541 εἷς
447 2470 575 2554 ἐγένετο,
599 2471 654 2536 καὶ
676 2471 749 2557 περὶ
770 2473 825 2550 τῆς
850 2468 971 2556 εἰρήνης
992 2468 1071 2556 πρὸς

131 2571 301 2638 Φίλιππον
323 2571 548 2656 ἐπρέσβευσεν.
592 2579 804 2656 πολεμοῦντες
825 2573 886 2659 γὰρ
908 2571 1072 2652 Ἀθηναῖοι

131 2673 290 2758 Φιλίππῳ
319 2673 392 2760 περὶ
420 2672 646 2760 Ἀμφιπόλεως
675 2675 728 2740 καὶ
756 2673 867 2740 πολλὰ
896 2672 955 2758 μὲν
983 2673 1072 2740 αὐτοὶ

131 2774 217 2841 δεινὰ
236 2774 420 2866 πάσχοντες
443 2774 574 2861 δρῶντες
596 2776 629 2842 δὲ
651 2776 738 2842 οὐδέν
759 2776 848 2859 ἄξιον
866 2775 973 2858 λόγον,
989 2775 1072 2840 ε’πεί-

132 2877 258 2957 σθησαν
273 2875 353 2963 ὑπὲρ
368 2877 488 2964 εἰρήνης
506 2879 776 2961 πρεσβεύσασθαι
795 2877 873 2964 πρὸς
893 2880 1070 2942 Φιλιππου·

131 2979 297 3062 πέμπουσι
312 2978 349 3059 δὴ
363 2978 517 3064 πρέσβεις
532 2978 606 3044 δέκα
621 2980 674 3044 τὸν
689 2979 829 3065 ἀριθμόν,
847 2981 880 3045 ε’ν
894 2979 941 3049 οἷς
955 2977 1072 3069 Αἰσχί·

133 3109 186 3160 νης
201 3107 236 3146 τε
250 3080 303 3146 καὶ
318 3081 524 3162 Δημοσθένης
537 3082 627 3162 ἦσαν.
670 3082 837 3166 δεξαμένου
855 3082 889 3147 δὲ
904 3083 1073 3147 Φιλίππου

133 3185 189 3256 τὰς
206 3184 374 3263 διαλύσεις,
397 3185 499 3249 πάλιν
520 3185 552 3250 οἱ
571 3185 662 3251 αὐτοὶ
683 3185 901 3271 πρεσβεύουσι
922 3183 1071 3267 δεύτερον,

133 3287 218 3359 ’ὅπως
247 3287 278 3352 οἱ
305 3287 378 3373 περὶ
406 3290 463 3368 τῆς
492 3285 612 3374 εἰρήνης
641 3285 728 3372 ὅρκοι
753 3289 900 3369 γένοιντο.
944 3286 1018 3372 περὶ
1041 3283 1075 3348 δὲ

167 3463 223 3512 333.
241 3461 274 3526 (1)
287 3463 329 3522 ζῆν
339 3461 399 3510 cod.
408 3459 435 3511 F.
457 3461 507 3512 sed
514 3460 581 3510 illud
629 3461 646 3524 ᾖ
668 3463 697 3522 δὴ
713 3463 742 3511 τὸ
761 3464 875 3511 πλεῖστον
894 3462 973 3519 διέζων
991 3463 1017 3510 ἐν
1038 3465 1076 3524 τῴ

134 3527 204 3576 valet
216 3525 579 3587 “togetalivingby.”Soph.
629 3528 685 3575 τότε
706 3527 790 3587 χρόνῳ.
824 3525 905 3586 Quem
926 3525 1011 3574 locum
1033 3539 1074 3574 ex-

136 3589 245 3641 Philoot.
257 3591 313 3646 535,
324 3590 402 3638 Arist.
418 3589 491 3638 szib.
509 3591 580 3651 1434,
630 3589 721 3650 scripsi
737 3591 841 3650 propter
856 3590 979 3652 rariorem
997 3604 1075 3639 usum

136 3655 204 3704 Plut.
226 3655 280 3713 906,
297 3654 364 3702 Plat.
389 3667 428 3704 111.
450 3653 482 3703 de
503 3653 579 3714 Legg.
630 3652 718 3708 dativi.
743 3667 823 3714 quum
845 3656 888 3716 ἀφ’
909 3654 936 3716 ἧς
957 3654 987 3702 in
1003 3668 1075 3703 more

138 3719 184 3771 679
202 3717 225 3767 A
235 3721 304 3778 νομῆς
312 3720 361 3781 γὰρ
371 3721 413 3768 οὐκ
424 3715 453 3778 ἦν
464 3720 577 3768 σπάνις...
629 3719 773 3779 usurpetur.

224 3829 249 3879 s,
272 3828 354 3878 DEM.
968 3817 986 3876 1
