2654 4202
377 227 445 290 'DE
473 225 613 291 FALSA
640 223 901 292 LEGATIONE
1050 227 1110 290 151

159 381 378 470 πρεσβευτὴς
403 381 445 448 ὢν
473 383 527 448 ε’πὶ
555 383 718 470 χρήμασιν
746 382 889 462 ἐπίτηδες
918 380 1113 464 ἐξηπάτηκεν

161 483 265 563 ὑμᾶς,
279 483 325 567 μὴ
347 481 455 570 ἀφῆτε,
475 481 547 567 μηδ’
566 483 754 572 ἀνάσχησθε
773 483 813 554 ὥς
835 482 870 549 οὗ
892 483 941 549 δεῖ
959 482 1049 564 δίκην
1071 481 1113 548 ὦν

85 619 149 674 203
163 586 264 653 εἶπεν
293 587 456 677 ὑποσχεῖν.
499 587 581 659 τίνος
609 589 671 675 γὰρ
700 588 804 654 ἄλλον
833 588 881 654 δεῖ
907 588 996 669 δίκην
1025 589 1114 675 παρὰ
1129 601 1183 674 183

165 689 348 775 πρέσβεων
366 689 386 770 ἢ
405 689 509 774 λόγων
528 691 724 773 λαμβάνειν;
748 690 811 756 εἰσὶ
833 690 895 774 γὰρ
916 691 948 757 οἱ
959 689 1113 777 πρέσβεις

167 791 211 856 οὐ
225 791 365 878 τριήρων
378 791 449 857 οὐδὲ
463 792 571 857 τόπων
585 791 655 857 οὐδὲ
670 791 810 858 ὁπλιτῶν
827 789 890 856 οὐδ’
910 791 1113 876 ἀκροπόλεων

168 891 279 979 κύριοι
304 892 413 977 (οὐδεὶς
435 895 497 980 γὰρ
522 893 684 979 πρέσβεσι
709 892 796 959 ταῦτ’
821 894 998 981 ἐγχειρίζει)
1026 891 1115 958 ἀλλά

167 995 283 1076 λόγων
296 996 350 1060 καὶ
363 994 492 1082 χρόνων.
537 994 607 1065 τοὺς
620 995 678 1077 μὲν
692 994 796 1059 τοίνυν
809 995 942 1082 χρόνους
955 995 985 1060 ei
996 996 1055 1078 μὲν
1068 993 1112 1075 μὴ

170 1101 346 1180 προανεῖλε
365 1097 369 1182 Ι
389 1100 444 1178 τῆς
462 1096 594 1174 πόλεως,
609 1097 665 1162 οὐκ
684 1095 791 1174 ἀδικεῖ,
806 1097 835 1162 εἰ
854 1096 880 1160 δ’
900 1097 1029 1175 ἀνείλεν,
1045 1096 1111 1177 ἡδί·
1127 1111 1190 1174 399

172 1219 282 1279 κηκεν·
312 1199 382 1270 τοὺς
403 1199 437 1265 δὲ
457 1199 571 1282 λόγους
593 1198 621 1264 εἰ
640 1199 698 1281 μὲν
719 1198 848 1279 ἀληθεῖς
869 1198 1069 1282 ἀπήγγελκεν
1090 1198 1110 1278 ἢ

174 1298 405 1386 συμφέροντος,
418 1300 632 1387 ἀποφευγέτω,
646 1301 674 1366 εἰ
684 1300 717 1366 δὲ
728 1302 781 1366 καὶ
791 1300 919 1386 ψευδεῖς
930 1300 982 1365 καὶ
996 1301 1113 1380 μισθοῖ

96 1425 164 1478 204
175 1403 232 1468 καὶ
262 1402 474 1489 ἀσυμφόρους,
498 1402 691 1469 ἁλισκέσθω.
736 1402 825 1468 οὐδὲν
852 1402 915 1489 γάρ
944 1402 1011 1467 ἐσθ’
1037 1401 1054 1467 ό
1083 1429 1114 1470 τι
1130 1414 1186 1484 184

175 1506 281 1587 μεῖζον
295 1503 335 1569 ἂν
349 1504 429 1586 ὑμᾶς
443 1503 601 1584 ἀδικήσειέ
615 1530 672 1584 τις,
684 1503 703 1583 ἢ
719 1502 823 1590 ψευδῆ
838 1504 951 1588 λέγων.
993 1502 1039 1574 οῖς
1052 1503 1114 1591 γάρ

178 1673 323 1738 λογίσασθε]
345 1671 386 1721 A1.
411 1673 459 1721 En.
484 1673 575 1722 Turno.
597 1673 675 1722 Dmn.
693 1672 776 1723 Vonn.
816 1671 865 1722 Sed
889 1671 1115 1734 interpretantium

179 1745 226 1788 eet.
261 1737 321 1785 Mox
339 1734 395 1786 ἀλλ’
413 1751 463 1786 om.
483 1737 508 1786 S.
523 1737 549 1785 k.
561 1752 582 1784 r.
597 1751 617 1787 a.
635 1737 675 1786 A1.
689 1736 730 1784 Ass.
747 1738 796 1785 En.
817 1736 906 1786 Τυκιο.
928 1737 1008 1786 Βτνο.
1027 1737 1113 1786 Vonn.

178 1802 262 1850 Bm.
275 1803 307 1851 et.
343 1801 411 1850 Satis
430 1801 620 1862 apeoioee,oum
639 1800 719 1848 oratio
736 1800 769 1848 ait
785 1802 871 1862 paullo
887 1800 1025 1862 abruptior.
1064 1801 1114 1850 Sed

178 1868 236 1926 post
246 1866 390 1926 nepotivmm
402 1865 464 1925 (sive
475 1864 557 1913 mavis
564 1864 753 1928 prohibitivum)
765 1865 807 1913 vix
818 1865 946 1914 omittitur
957 1864 1030 1914 ἄλλα.
1055 1864 1112 1914 ἀλλ’

178 1930 293 1979 ἐάσαντες
303 1946 377 1990 ουγγ.
394 1929 474 1978 Dona
512 1928 645 1988 Sedlonge
659 1928 798 1978 fortioreet
814 1931 917 1991 vulgata
927 1929 1011 1981 leotio.
1046 1929 1111 1980 Inir.

178 1996 289 2050 ἐπίτηδες
303 1992 329 2042 S.
338 1993 362 2040 k.
374 2007 395 2040 r.
408 2007 428 2040 s.
438 1991 479 2040 Al.
508 1994 642 2052 ἐξεπίτηδες
653 1992 735 2052 vulgo.

225 2059 305 2117 5203.
337 2057 438 2119 τριηρῶν
456 2055 487 2103 Y.
506 2055 536 2104 0.
555 2069 580 2106 u.
617 2055 677 2104 Sine
697 2069 746 2105 abo.
764 2055 789 2106 S.
824 2056 885 2106 Mox
901 2057 1056 2120 ἀπήγγελκεν
1074 2059 1113 2107 καί

178 2135 209 2235 ι
222 2120 423 2234 mmm
436 2119 1017 2245 inmomorrmmmr

180 2252 219 2298 οῦν
229 2247 427 2309 νυίμίΒοκιτ.

228 2315 242 2372 5
261 2312 316 2362 204
352 2313 381 2360 ἂν
392 2313 449 2370 ὑμᾶς
463 2325 511 2360 om.
532 2309 558 2360 S.
570 2310 601 2359 Y.
626 2310 716 2371 Itaque
728 2311 787 2369 ὑμᾶς
798 2324 847 2360 om.
861 2310 909 2360 En.
924 2311 1013 2361 Tuam.
1027 2310 1111 2360 Vonn.

178 2377 212 2425 At
223 2378 291 2425 oerte
304 2375 332 2424 id
345 2389 399 2424 non
415 2375 471 2425 vult
482 2375 667 2425 Demosthenes
678 2374 793 2423 absolute
810 2374 901 2432 dicere,
912 2377 1032 2424 nemimem
1042 2389 1113 2436 ροιιι

178 2589 221 2638 ie.
231 2589 276 2651 sm·
288 2588 326 2636 bie
337 2593 430 2648 reporta
442 2587 492 2635 οιιιί
501 2586 621 2648 ιριιοίιιι.
672 2582 885 2645 -οτελήρησε]
903 2586 918 2610 “
927 2583 1012 2632 ίοίίιιιί
1020 2589 1048 2632 ot
1056 2598 1114 2633 ram·

180 2652 268 2712 Gomp.
287 2650 403 2700 Aeschin.
425 2654 438 2710 ξ
460 2653 506 2703 178
534 2664 559 2710 p.
589 2651 621 2698 52
673 2649 752 2695 dom.'’
801 2648 835 2697 So
862 2650 1008 2710 ταραλὴρεῖν
1037 2648 1113 2698 Arist.

180 2715 299 2766 St=342
316 2715 347 2762 R.
365 2717 461 2764 καὶτὸν
479 2717 526 2762 τῶν
543 2714 623 2775 λόγων
673 2711 737 2761 Ran.
766 2711 813 2762 694
841 2714 862 2760 εί
886 2715 912 2762 δὲ
937 2715 1115 2775 παραληρῶν

180 2783 256 2843 κύριον
266 2781 309 2828 τὰς
325 2781 373 2826 τῶν
390 2781 466 2840 ἔργων
482 2779 621 2839 προσδοκίας
675 2777 770 2835 ἁλώσει,
783 2779 829 2826 καί
840 2779 944 2840 βαλεῖς
963 2796 991 2826 τι
1006 2781 1115 2836 μαλθα·

180 2846 315 2892 ἀπαιτοῦσι·
348 2841 431 2890 where
458 2841 545 2890 Bromi
571 2841 622 2889 and
674 2842 728 2890 κόν.
743 2843 964 2903 -άνιίοχησθε]
992 2842 1064 2889 “Put
1080 2855 1116 2902 up

180 2907 258 2956 Orelli
268 2920 361 2968 μιν.
379 2905 442 2953 wiah
453 2907 480 2954 to
495 2905 545 2954 add
562 2907 622 2964 μηδὲ
673 2904 735 2953 with
745 2904 774 2966 it,
790 2905 864 2953 ‘that
874 2905 908 2954 he
927 2905 949 2953 ie
964 2907 1009 2953 not
1025 2907 1052 2952 to
1066 2919 1113 2952 un-

179 2971 265 3019 beiore
292 2973 339 3019 τῶν
366 2971 452 3031 λόγων,
477 2968 560 3018 whioh
586 2969 621 3016 H.
674 2967 869 3030 dergotrialiot
884 2969 952 3018 what
971 2969 1004 3016 he
1020 2970 1117 3028 report-

179 3035 248 3083 wolf
262 3034 314 3082 had
329 3034 432 3094 already
446 3032 621 3093 conjectured:
674 3032 745 3082 ed.’''
771 3034 847 3083 Dobr.
861 3033 939 3081 reiera
956 3034 983 3080 to
999 3029 1114 3080 Nausim.

180 3099 226 3147 but
234 3097 420 3146 Demosthenes
429 3097 622 3158 expreaslyoalle
673 3108 698 3157 p.
713 3099 760 3148 990
776 3101 789 3159 §
803 3098 833 3144 21
849 3099 886 3145 ὅτι
901 3099 978 3144 τοίνυν
994 3095 1040 3142 οὐδ’
1062 3095 1116 3142 ἀνά·

181 3162 357 3211 ambassadora
368 3165 440 3222 κύριοι
451 3163 529 3224 λόγων
543 3162 622 3220 5203,
675 3165 770 3222 σχοισθ’
793 3161 823 3209 ἂν
842 3160 917 3208 αὐτῶν
939 3159 1032 3206 εἰκότως
1048 3155 1114 3206 οὐδὲν

182 3226 232 3274 and
252 3228 279 3274 to
292 3225 346 3273 thia
364 3239 468 3288 passage
484 3224 622 3273 Aeaohinee
674 3229 729 3286 περί
740 3227 782 3285 τῆς
793 3225 928 3283 ἐπιτροπῆς.
963 3221 1010 3270 See
1021 3223 1033 3280 ς
1046 3221 1085 3268 84.

182 3289 312 3351 obviously
328 3288 434 3338 alludes.
468 3289 556 3350 Gomp.
569 3289 622 3336 niso
707 3290 762 3337 399.
784 3290 797 3347 5
823 3287 879 3334 203.
912 3284 954 3334 οὐκ
976 3283 1053 3331 ἀδικεῖ
1056 3321 1113 3335 ......

180 3354 252 3404 Dem.
272 3352 409 3416 depcoron.
428 3365 454 3414 p.
470 3354 518 3400 308
536 3355 549 3412 ὅ
567 3351 622 3408 245,
675 3352 783 3410 ἠδίκηκε]
810 3349 851 3396 He
867 3348 891 3396 is
907 3350 954 3395 not
975 3347 1117 3409 guilty...be

181 3417 261 3466 where
271 3416 456 3465 Demosthenes
467 3416 555 3464 makes
567 3429 623 3476 pre·
677 3417 721 3462 bae
743 3413 881 3461 committed
902 3426 991 3472 ιοτοτιρ.
1027 3411 1115 3474 comp.

182 3481 257 3544 cisely
280 3481 325 3529 the
353 3494 423 3528 same
448 3478 624 3528 deienoe.-
675 3477 752 3525 Arist.
772 3490 802 3526 11.
820 3475 923 3523 Rhetor.
942 3476 981 3533 23,
1001 3477 1016 3524 3
1035 3479 1055 3524 εί
1069 3481 1119 3540 γὰρ

183 3548 272 3605 ίδαίτης
299 3543 344 3655 &vg
377 3543 481 3604 “Being
508 3540 624 3590 invested
676 3542 768 3589 δικαίως
779 3541 853 3590 ἔπαθέ
864 3557 895 3602 τι,
906 3542 997 3591 δικαίως
1014 3543 1117 3591 πέπον-

182 3609 242 3657 with
252 3624 286 3657 no
292 3623 328 3670 pu
345 3607 379 3655 lio
390 3607 468 3665 office,
477 3608 522 3654 not
529 3605 624 3662 having
676 3607 732 3652 θεν.

183 3672 245 3722 been
272 3671 410 3734 appointed
437 3668 622 3720 ambassaoore’
710 3666 791 3730 5204.
824 3667 915 3734 οῒιγιίρ
932 3670 980 3722 ἐστ’
998 3672 1023 3721 ἐν
1039 3670 1118 3734 λόγοις
