<?xml version="1.0" encoding="UTF-8"?>
<!DOCTYPE html PUBLIC "-//W3C//DTD XHTML 1.0 Transitional//EN"
    "http://www.w3.org/TR/xhtml1/DTD/xhtml1-transitional.dtd">
<html xmlns="http://www.w3.org/1999/xhtml" xml:lang="en" lang="en">
 <head>
  <title>
</title>
<meta http-equiv="Content-Type" content="text/html;charset=utf-8" />
  <meta name='ocr-system' content='tesseract 3.04.00' />
  <meta name='ocr-capabilities' content='ocr_page ocr_carea ocr_par ocr_line ocrx_word'/>
</head>
<body>
  <div class='ocr_page' id='page_1' title='image "./demosthenisdefa01shilgoog_0273.png"; bbox 0 0 2622 4206; ppageno 0'>
   <div class='ocr_carea' id='block_1_1' title="bbox 348 245 1074 312">
    <p class='ocr_par' dir='ltr' id='par_1_1' title="bbox 348 245 1074 312">
     <span class='ocr_line' id='line_1_1' title="bbox 348 245 1074 312; baseline 0.001 -2"><span class='ocrx_word' id='word_1_1' title='bbox 348 247 408 310; x_wconf 86' lang='lat' dir='ltr'>DE</span> <span class='ocrx_word' id='word_1_2' title='bbox 436 245 579 310; x_wconf 84' lang='lat' dir='ltr'>FALSA</span> <span class='ocrx_word' id='word_1_3' title='bbox 607 245 868 312; x_wconf 81' lang='lat' dir='ltr'><strong>LEGATIONE.</strong></span> <span class='ocrx_word' id='word_1_4' title='bbox 1012 249 1074 311; x_wconf 80' lang='lat'>253</span> 
     </span>
    </p>
   </div>
   <div class='ocr_carea' id='block_1_2' title="bbox 141 401 1076 593">
    <p class='ocr_par' dir='ltr' id='par_1_2' title="bbox 141 401 1076 593">
     <span class='ocr_line' id='line_1_2' title="bbox 141 401 1076 488; baseline 0.002 -22"><span class='ocrx_word' id='word_1_5' title='bbox 141 405 194 484; x_wconf 85' lang='grc' dir='ltr'>τὴν</span> <span class='ocrx_word' id='word_1_6' title='bbox 217 401 340 468; x_wconf 85' lang='grc' dir='ltr'>δικαίαν</span> <span class='ocrx_word' id='word_1_7' title='bbox 368 407 482 488; x_wconf 73' lang='grc' dir='ltr'>ψῆφον</span> <span class='ocrx_word' id='word_1_8' title='bbox 509 401 587 487; x_wconf 82' lang='grc' dir='ltr'>ὑπέρ</span> <span class='ocrx_word' id='word_1_9' title='bbox 613 405 668 482; x_wconf 81' lang='grc' dir='ltr'>τῆς</span> <span class='ocrx_word' id='word_1_10' title='bbox 697 403 848 487; x_wconf 83' lang='grc' dir='ltr'>πατρίδος</span> <span class='ocrx_word' id='word_1_11' title='bbox 872 403 984 468; x_wconf 85' lang='grc' dir='ltr'>θέσθαι</span> <span class='ocrx_word' id='word_1_12' title='bbox 1008 401 1076 468; x_wconf 92' lang='grc' dir='ltr'>κατ’</span> 
     </span>
     <span class='ocr_line' id='line_1_3' title="bbox 141 503 1076 593; baseline 0.002 -27"><span class='ocrx_word' id='word_1_13' title='bbox 141 504 247 588; x_wconf 80' lang='grc' dir='ltr'>ἀνδρὸς</span> <span class='ocrx_word' id='word_1_14' title='bbox 267 503 309 583; x_wconf 71' lang='lat' dir='ltr'>tr,</span> <span class='ocrx_word' id='word_1_15' title='bbox 331 505 354 568; x_wconf 83' lang='grc' dir='ltr'><em>ὦ</em></span> <span class='ocrx_word' id='word_1_16' title='bbox 373 509 414 586; x_wconf 68' lang='grc' dir='ltr'>ιχῆ</span> <span class='ocrx_word' id='word_1_17' title='bbox 433 505 486 568; x_wconf 85' lang='grc' dir='ltr'>καὶ</span> <span class='ocrx_word' id='word_1_18' title='bbox 508 504 578 582; x_wconf 89' lang='grc' dir='ltr'>θεαί,</span> <span class='ocrx_word' id='word_1_19' title='bbox 600 505 702 569; x_wconf 83' lang='grc' dir='ltr'>ἐκεῖνα</span> <span class='ocrx_word' id='word_1_20' title='bbox 720 503 742 568; x_wconf 80' lang='grc' dir='ltr'><em>ἃ</em></span> <span class='ocrx_word' id='word_1_21' title='bbox 762 505 926 587; x_wconf 80' lang='grc' dir='ltr'>διεξῆλθον</span> <span class='ocrx_word' id='word_1_22' title='bbox 943 505 976 569; x_wconf 82' lang='grc' dir='ltr'>ἐν</span> <span class='ocrx_word' id='word_1_23' title='bbox 993 503 1076 593; x_wconf 68' lang='grc' dir='ltr'>ἀρχῇ</span> 
     </span>
    </p>
   </div>
   <div class='ocr_carea' id='block_1_3' title="bbox 70 602 1149 1400">
    <p class='ocr_par' dir='ltr' id='par_1_3' title="bbox 70 602 1149 1400">
     <span class='ocr_line' id='line_1_4' title="bbox 139 602 1077 692; baseline 0.003 -23"><span class='ocrx_word' id='word_1_24' title='bbox 139 606 401 690; x_wconf 73' lang='grc' dir='ltr'>δεδημηγορηκώς,</span> <span class='ocrx_word' id='word_1_25' title='bbox 432 606 484 672; x_wconf 85' lang='grc' dir='ltr'>τόν</span> <span class='ocrx_word' id='word_1_26' title='bbox 512 607 706 692; x_wconf 79' lang='grc' dir='ltr'>Μαραθῶνα,</span> <span class='ocrx_word' id='word_1_27' title='bbox 737 607 793 680; x_wconf 83' lang='grc' dir='ltr'>τὴν</span> <span class='ocrx_word' id='word_1_28' title='bbox 822 602 997 686; x_wconf 81' lang='grc' dir='ltr'>Σαλαμῖνα,</span> <span class='ocrx_word' id='word_1_29' title='bbox 1020 606 1077 678; x_wconf 81' lang='grc' dir='ltr'>τὰς</span> 
     </span>
     <span class='ocr_line' id='line_1_5' title="bbox 138 701 1075 792; baseline 0 -24"><span class='ocrx_word' id='word_1_30' title='bbox 138 703 253 792; x_wconf 84' lang='grc' dir='ltr'>μόχας,</span> <span class='ocrx_word' id='word_1_31' title='bbox 278 703 318 768; x_wconf 83' lang='grc' dir='ltr'>τό</span> <span class='ocrx_word' id='word_1_32' title='bbox 342 703 490 787; x_wconf 83' lang='grc' dir='ltr'>τρόπαια,</span> <span class='ocrx_word' id='word_1_33' title='bbox 514 702 662 787; x_wconf 79' lang='grc' dir='ltr'>ἐξαίφνης</span> <span class='ocrx_word' id='word_1_34' title='bbox 681 702 721 772; x_wconf 82' lang='grc' dir='ltr'>ὥς</span> <span class='ocrx_word' id='word_1_35' title='bbox 741 703 843 783; x_wconf 82' lang='grc' dir='ltr'>ἐπέβη</span> <span class='ocrx_word' id='word_1_36' title='bbox 869 701 1075 780; x_wconf 81' lang='grc' dir='ltr'>Μακεδονίας,</span> 
     </span>
     <span class='ocr_line' id='line_1_6' title="bbox 139 802 1076 889; baseline -0.003 -18"><span class='ocrx_word' id='word_1_37' title='bbox 139 806 245 872; x_wconf 84' lang='grc' dir='ltr'>πάντα</span> <span class='ocrx_word' id='word_1_38' title='bbox 256 805 406 870; x_wconf 82' lang='grc' dir='ltr'>τάναντία</span> <span class='ocrx_word' id='word_1_39' title='bbox 417 802 538 874; x_wconf 79' lang='grc' dir='ltr'>τούτοις</span> <span class='ocrx_word' id='word_1_40' title='bbox 550 804 649 886; x_wconf 74' lang='grc' dir='ltr'>έλογε,</span> <span class='ocrx_word' id='word_1_41' title='bbox 659 803 703 885; x_wconf 84' lang='grc' dir='ltr'>μὴ</span> <span class='ocrx_word' id='word_1_42' title='bbox 714 803 878 889; x_wconf 71' lang='grc' dir='ltr'>προγόνων</span> <span class='ocrx_word' id='word_1_43' title='bbox 887 806 1076 886; x_wconf 84' lang='grc' dir='ltr'>μεμνῆσθαι,</span> 
     </span>
     <span class='ocr_line' id='line_1_7' title="bbox 139 901 1080 992; baseline -0.005 -19"><span class='ocrx_word' id='word_1_44' title='bbox 139 908 180 988; x_wconf 79' lang='grc' dir='ltr'>μὴ</span> <span class='ocrx_word' id='word_1_45' title='bbox 198 909 338 992; x_wconf 87' lang='grc' dir='ltr'>τρόπαια</span> <span class='ocrx_word' id='word_1_46' title='bbox 356 906 469 988; x_wconf 73' lang='grc' dir='ltr'>λέγειν,</span> <span class='ocrx_word' id='word_1_47' title='bbox 486 906 529 988; x_wconf 87' lang='grc' dir='ltr'>μὴ</span> <span class='ocrx_word' id='word_1_48' title='bbox 543 906 674 986; x_wconf 82' lang='grc' dir='ltr'>βοηθεῖν</span> <span class='ocrx_word' id='word_1_49' title='bbox 692 905 810 986; x_wconf 85' lang='grc' dir='ltr'>μηδενί,</span> <span class='ocrx_word' id='word_1_50' title='bbox 829 905 873 985; x_wconf 86' lang='grc' dir='ltr'>μὴ</span> <span class='ocrx_word' id='word_1_51' title='bbox 894 909 980 990; x_wconf 84' lang='grc' dir='ltr'>κοινῇ</span> <span class='ocrx_word' id='word_1_52' title='bbox 999 901 1080 986; x_wconf 83' lang='grc' dir='ltr'>μετοῖ</span> 
     </span>
     <span class='ocr_line' id='line_1_8' title="bbox 141 1005 1077 1090; baseline -0.001 -17"><span class='ocrx_word' id='word_1_53' title='bbox 141 1013 200 1074; x_wconf 77' lang='grc' dir='ltr'>τοῖν</span> <span class='ocrx_word' id='word_1_54' title='bbox 214 1009 381 1088; x_wconf 82' lang='grc' dir='ltr'>Ἑλλήνων</span> <span class='ocrx_word' id='word_1_55' title='bbox 394 1007 617 1088; x_wconf 82' lang='grc' dir='ltr'>βουλεύεσθαι,</span> <span class='ocrx_word' id='word_1_56' title='bbox 634 1009 729 1090; x_wconf 89' lang='grc' dir='ltr'>μόνον</span> <span class='ocrx_word' id='word_1_57' title='bbox 749 1007 785 1073; x_wconf 80' lang='grc' dir='ltr'>οὐ</span> <span class='ocrx_word' id='word_1_58' title='bbox 804 1009 949 1074; x_wconf 85' lang='grc' dir='ltr'>καθελεῖν</span> <span class='ocrx_word' id='word_1_59' title='bbox 963 1005 1004 1073; x_wconf 84' lang='grc' dir='ltr'>τὰ</span> <span class='ocrx_word' id='word_1_60' title='bbox 1017 1011 1077 1072; x_wconf 88' lang='grc' dir='ltr'>τεί-</span> 
     </span>
     <span class='ocr_line' id='line_1_9' title="bbox 70 1109 1149 1197; baseline -0.006 -22"><span class='ocrx_word' id='word_1_61' title='bbox 70 1135 86 1187; x_wconf 87' lang='lat'>3</span> <span class='ocrx_word' id='word_1_62' title='bbox 92 1127 125 1189; x_wconf 81' lang='lat'>57</span> <span class='ocrx_word' id='word_1_63' title='bbox 140 1138 190 1197; x_wconf 88' lang='grc' dir='ltr'>χη.</span> <span class='ocrx_word' id='word_1_64' title='bbox 236 1111 339 1176; x_wconf 90' lang='grc' dir='ltr'>καίτοι</span> <span class='ocrx_word' id='word_1_65' title='bbox 359 1110 476 1175; x_wconf 80' lang='grc' dir='ltr'>τούτοιν</span> <span class='ocrx_word' id='word_1_66' title='bbox 495 1109 641 1197; x_wconf 79' lang='grc' dir='ltr'>αἰσχίους</span> <span class='ocrx_word' id='word_1_67' title='bbox 660 1111 751 1192; x_wconf 86' lang='grc' dir='ltr'>λόγοι</span> <span class='ocrx_word' id='word_1_68' title='bbox 769 1109 887 1181; x_wconf 77' lang='grc' dir='ltr'>οὐδένες</span> <span class='ocrx_word' id='word_1_69' title='bbox 907 1109 1030 1176; x_wconf 84' lang='grc' dir='ltr'>πώποτ’</span> <span class='ocrx_word' id='word_1_70' title='bbox 1046 1111 1079 1175; x_wconf 87' lang='grc' dir='ltr'>έν</span> <span class='ocrx_word' id='word_1_71' title='bbox 1093 1131 1149 1186; x_wconf 86' lang='lat'>312</span> 
     </span>
     <span class='ocr_line' id='line_1_10' title="bbox 139 1210 1080 1299; baseline 0.001 -22"><span class='ocrx_word' id='word_1_72' title='bbox 139 1217 183 1298; x_wconf 80' lang='grc' dir='ltr'>τῷ</span> <span class='ocrx_word' id='word_1_73' title='bbox 205 1212 304 1278; x_wconf 86' lang='grc' dir='ltr'>παντὶ</span> <span class='ocrx_word' id='word_1_74' title='bbox 325 1214 429 1299; x_wconf 84' lang='grc' dir='ltr'>χρόνῳ</span> <span class='ocrx_word' id='word_1_75' title='bbox 450 1212 599 1294; x_wconf 68' lang='grc' dir='ltr'>γεγόνασι</span> <span class='ocrx_word' id='word_1_76' title='bbox 622 1212 697 1297; x_wconf 85' lang='grc' dir='ltr'>παρ’</span> <span class='ocrx_word' id='word_1_77' title='bbox 717 1210 795 1294; x_wconf 82' lang='grc' dir='ltr'>ὑμῖν.</span> <span class='ocrx_word' id='word_1_78' title='bbox 841 1214 887 1283; x_wconf 89' lang='grc' dir='ltr'>τίς</span> <span class='ocrx_word' id='word_1_79' title='bbox 906 1213 966 1296; x_wconf 73' lang='grc' dir='ltr'>χόρ</span> <span class='ocrx_word' id='word_1_80' title='bbox 989 1213 1080 1278; x_wconf 85' lang='grc' dir='ltr'>ἐστιν</span> 
     </span>
     <span class='ocr_line' id='line_1_11' title="bbox 139 1312 1079 1400; baseline 0.001 -23"><span class='ocrx_word' id='word_1_81' title='bbox 139 1312 306 1395; x_wconf 79' lang='grc' dir='ltr'>Ἑλλήνων</span> <span class='ocrx_word' id='word_1_82' title='bbox 328 1313 347 1395; x_wconf 84' lang='grc' dir='ltr'>ἢ</span> <span class='ocrx_word' id='word_1_83' title='bbox 368 1314 548 1400; x_wconf 83' lang='grc' dir='ltr'>βαρβάρων</span> <span class='ocrx_word' id='word_1_84' title='bbox 568 1312 647 1378; x_wconf 78' lang='grc' dir='ltr'>οθτω</span> <span class='ocrx_word' id='word_1_85' title='bbox 669 1313 779 1384; x_wconf 86' lang='grc' dir='ltr'>σκαιὸς</span> <span class='ocrx_word' id='word_1_86' title='bbox 801 1313 854 1379; x_wconf 79' lang='grc' dir='ltr'>καὶ</span> <span class='ocrx_word' id='word_1_87' title='bbox 874 1313 1003 1396; x_wconf 82' lang='grc' dir='ltr'>ἀνήκοος</span> <span class='ocrx_word' id='word_1_88' title='bbox 1026 1313 1079 1378; x_wconf 88' lang='grc' dir='ltr'>καὶ</span> 
     </span>
    </p>
   </div>
   <div class='ocr_carea' id='block_1_4' title="bbox 140 1505 1093 2837">
    <p class='ocr_par' dir='ltr' id='par_1_4' title="bbox 140 1505 1093 2709">
     <span class='ocr_line' id='line_1_12' title="bbox 141 1505 1079 1568; baseline -0.001 -13"><span class='ocrx_word' id='word_1_89' title='bbox 141 1521 219 1568; x_wconf 86' lang='lat' dir='ltr'><strong>quam</strong></span> <span class='ocrx_word' id='word_1_90' title='bbox 240 1507 270 1554; x_wconf 89' lang='lat' dir='ltr'><strong>in</strong></span> <span class='ocrx_word' id='word_1_91' title='bbox 292 1509 323 1555; x_wconf 80' lang='grc' dir='ltr'>τὰ</span> <span class='ocrx_word' id='word_1_92' title='bbox 341 1508 413 1568; x_wconf 81' lang='grc' dir='ltr'>δεῦρο,</span> <span class='ocrx_word' id='word_1_93' title='bbox 433 1505 501 1567; x_wconf 91' lang='lat' dir='ltr'><strong>quod</strong></span> <span class='ocrx_word' id='word_1_94' title='bbox 519 1505 582 1554; x_wconf 82' lang='lat' dir='ltr'><strong>alibi</strong></span> <span class='ocrx_word' id='word_1_95' title='bbox 600 1505 703 1556; x_wconf 85' lang='lat' dir='ltr'><strong>dicitur.</strong></span> <span class='ocrx_word' id='word_1_96' title='bbox 736 1505 811 1567; x_wconf 84' lang='lat' dir='ltr'><strong>Apud</strong></span> <span class='ocrx_word' id='word_1_97' title='bbox 826 1505 959 1554; x_wconf 77' lang='lat' dir='ltr'><strong>Platonem</strong></span> <span class='ocrx_word' id='word_1_98' title='bbox 978 1520 1079 1567; x_wconf 87' lang='lat' dir='ltr'><strong>semper</strong></span> 
     </span>
     <span class='ocr_line' id='line_1_13' title="bbox 143 1569 1076 1632; baseline -0.001 -13"><span class='ocrx_word' id='word_1_99' title='bbox 143 1580 234 1619; x_wconf 73' lang='lat' dir='ltr'><strong>crorum</strong></span> <span class='ocrx_word' id='word_1_100' title='bbox 247 1571 374 1630; x_wconf 86' lang='lat' dir='ltr'><strong>significat</strong></span> <span class='ocrx_word' id='word_1_101' title='bbox 383 1571 500 1630; x_wconf 77' lang='grc' dir='ltr'>Ιἐνταυθοῖ,</span> <span class='ocrx_word' id='word_1_102' title='bbox 514 1572 615 1632; x_wconf 86' lang='lat' dir='ltr'><strong>praeter</strong></span> <span class='ocrx_word' id='word_1_103' title='bbox 628 1569 726 1618; x_wconf 87' lang='lat' dir='ltr'><strong>Phileb.</strong></span> <span class='ocrx_word' id='word_1_104' title='bbox 737 1571 767 1617; x_wconf 81' lang='grc'>15</span> <span class='ocrx_word' id='word_1_105' title='bbox 779 1570 809 1628; x_wconf 84' lang='grc' dir='ltr'>Δ,</span> <span class='ocrx_word' id='word_1_106' title='bbox 819 1572 844 1618; x_wconf 89' lang='lat' dir='ltr'><strong>et</strong></span> <span class='ocrx_word' id='word_1_107' title='bbox 855 1585 901 1617; x_wconf 86' lang='lat' dir='ltr'>vn.</span> <span class='ocrx_word' id='word_1_108' title='bbox 912 1571 986 1631; x_wconf 83' lang='lat' dir='ltr'><strong>Legg.</strong></span> <span class='ocrx_word' id='word_1_109' title='bbox 1001 1571 1076 1618; x_wconf 77' lang='lat'>8220</span> 
     </span>
     <span class='ocr_line' id='line_1_14' title="bbox 142 1633 1077 1696; baseline 0.001 -14"><span class='ocrx_word' id='word_1_110' title='bbox 142 1636 202 1696; x_wconf 82' lang='lat' dir='ltr'><strong>(uisi</strong></span> <span class='ocrx_word' id='word_1_111' title='bbox 213 1635 349 1694; x_wconf 81' lang='lat' dir='ltr'><strong>utrobique</strong></span> <span class='ocrx_word' id='word_1_112' title='bbox 360 1635 463 1683; x_wconf 82' lang='grc' dir='ltr'>ἐνταῦθα</span> <span class='ocrx_word' id='word_1_113' title='bbox 473 1633 665 1694; x_wconf 84' lang='lat' dir='ltr'><strong>reponendum),</strong></span> <span class='ocrx_word' id='word_1_114' title='bbox 674 1649 735 1682; x_wconf 87' lang='lat' dir='ltr'><strong>nam</strong></span> <span class='ocrx_word' id='word_1_115' title='bbox 747 1634 811 1681; x_wconf 89' lang='lat' dir='ltr'><strong>alios</strong></span> <span class='ocrx_word' id='word_1_116' title='bbox 822 1635 890 1682; x_wconf 90' lang='lat' dir='ltr'><strong>locos</strong></span> <span class='ocrx_word' id='word_1_117' title='bbox 902 1648 964 1695; x_wconf 91' lang='lat' dir='ltr'><strong>quos</strong></span> <span class='ocrx_word' id='word_1_118' title='bbox 976 1635 1077 1695; x_wconf 91' lang='lat' dir='ltr'><strong>oollegit</strong></span> 
     </span>
     <span class='ocr_line' id='line_1_15' title="bbox 140 1697 1076 1759; baseline -0.002 -11"><span class='ocrx_word' id='word_1_119' title='bbox 140 1699 194 1748; x_wconf 87' lang='lat' dir='ltr'><strong>Ast.</strong></span> <span class='ocrx_word' id='word_1_120' title='bbox 214 1699 301 1746; x_wconf 89' lang='lat' dir='ltr'><strong>Lexic.</strong></span> <span class='ocrx_word' id='word_1_121' title='bbox 320 1699 342 1746; x_wconf 89' lang='lat' dir='ltr'>si</span> <span class='ocrx_word' id='word_1_122' title='bbox 359 1713 416 1747; x_wconf 87' lang='lat' dir='ltr'><strong>vere</strong></span> <span class='ocrx_word' id='word_1_123' title='bbox 434 1698 555 1759; x_wconf 79' lang='lat' dir='ltr'><strong>dispicias</strong></span> <span class='ocrx_word' id='word_1_124' title='bbox 570 1697 783 1759; x_wconf 84' lang='lat' dir='ltr'><strong>significationem</strong></span> <span class='ocrx_word' id='word_1_125' title='bbox 797 1706 875 1746; x_wconf 81' lang='lat' dir='ltr'><strong>motus</strong></span> <span class='ocrx_word' id='word_1_126' title='bbox 890 1712 950 1759; x_wconf 88' lang='lat' dir='ltr'><strong>prae</strong></span> <span class='ocrx_word' id='word_1_127' title='bbox 970 1712 997 1746; x_wconf 89' lang='lat' dir='ltr'>se</span> <span class='ocrx_word' id='word_1_128' title='bbox 1011 1700 1076 1747; x_wconf 80' lang='lat' dir='ltr'><strong>ferre</strong></span> 
     </span>
     <span class='ocr_line' id='line_1_16' title="bbox 141 1762 1075 1824; baseline 0.001 -14"><span class='ocrx_word' id='word_1_129' title='bbox 141 1763 360 1823; x_wconf 83' lang='lat' dir='ltr'><strong>laoileintelligas.</strong></span> <span class='ocrx_word' id='word_1_130' title='bbox 395 1763 486 1822; x_wconf 87' lang='lat' dir='ltr'><strong>Itaque</strong></span> <span class='ocrx_word' id='word_1_131' title='bbox 498 1762 684 1811; x_wconf 83' lang='lat' dir='ltr'><strong>credoi-nEur.</strong></span> <span class='ocrx_word' id='word_1_132' title='bbox 696 1762 753 1823; x_wconf 90' lang='lat' dir='ltr'><strong>Iph.</strong></span> <span class='ocrx_word' id='word_1_133' title='bbox 769 1763 798 1809; x_wconf 82' lang='grc' dir='ltr'>Τ.</span> <span class='ocrx_word' id='word_1_134' title='bbox 810 1763 858 1812; x_wconf 81' lang='grc'>984</span> <span class='ocrx_word' id='word_1_135' title='bbox 882 1764 973 1811; x_wconf 83' lang='lat'>:1010</span> <span class='ocrx_word' id='word_1_136' title='bbox 983 1764 1075 1824; x_wconf 76' lang='lat' dir='ltr'><strong>Dind.)</strong></span> 
     </span>
     <span class='ocr_line' id='line_1_17' title="bbox 141 1825 1073 1888; baseline 0.001 -14"><span class='ocrx_word' id='word_1_137' title='bbox 141 1826 305 1874; x_wconf 85' lang='lat' dir='ltr'><strong>retinendum</strong></span> <span class='ocrx_word' id='word_1_138' title='bbox 322 1828 435 1884; x_wconf 85' lang='grc' dir='ltr'>ἐνταυθοῖ,</span> <span class='ocrx_word' id='word_1_139' title='bbox 453 1828 479 1874; x_wconf 92' lang='lat' dir='ltr'><strong>et</strong></span> <span class='ocrx_word' id='word_1_140' title='bbox 494 1840 552 1874; x_wconf 84' lang='lat' dir='ltr'><strong>vere</strong></span> <span class='ocrx_word' id='word_1_141' title='bbox 565 1825 699 1874; x_wconf 78' lang='lat' dir='ltr'><strong>tradidisse</strong></span> <span class='ocrx_word' id='word_1_142' title='bbox 716 1826 836 1875; x_wconf 85' lang='lat' dir='ltr'><strong>Eustath.</strong></span> <span class='ocrx_word' id='word_1_143' title='bbox 896 1826 985 1888; x_wconf 79' lang='lat' dir='ltr'><strong>Odyss.</strong></span> <span class='ocrx_word' id='word_1_144' title='bbox 1000 1841 1073 1876; x_wconf 85' lang='lat' dir='ltr'><strong>xv11r.</strong></span> 
     </span>
     <span class='ocr_line' id='line_1_18' title="bbox 142 1891 1078 1952; baseline 0 -14"><span class='ocrx_word' id='word_1_145' title='bbox 142 1892 190 1938; x_wconf 79' lang='lat'>104</span> <span class='ocrx_word' id='word_1_146' title='bbox 200 1907 225 1952; x_wconf 88' lang='lat' dir='ltr'>p.</span> <span class='ocrx_word' id='word_1_147' title='bbox 239 1891 311 1949; x_wconf 80' lang='lat'>1839,</span> <span class='ocrx_word' id='word_1_148' title='bbox 324 1891 354 1938; x_wconf 85' lang='lat'>60</span> <span class='ocrx_word' id='word_1_149' title='bbox 368 1893 516 1950; x_wconf 80' lang='grc' dir='ltr'>σημειοῦνται</span> <span class='ocrx_word' id='word_1_150' title='bbox 528 1892 553 1939; x_wconf 82' lang='grc' dir='ltr'>δὲ</span> <span class='ocrx_word' id='word_1_151' title='bbox 571 1893 591 1940; x_wconf 83' lang='grc' dir='ltr'>οἱ</span> <span class='ocrx_word' id='word_1_152' title='bbox 607 1892 712 1949; x_wconf 82' lang='grc' dir='ltr'>παλαιοί,</span> <span class='ocrx_word' id='word_1_153' title='bbox 733 1893 762 1941; x_wconf 86' lang='grc' dir='ltr'>ὡς</span> <span class='ocrx_word' id='word_1_154' title='bbox 776 1893 804 1940; x_wconf 82' lang='grc' dir='ltr'>τό</span> <span class='ocrx_word' id='word_1_155' title='bbox 816 1894 860 1950; x_wconf 87' lang='grc' dir='ltr'>μέν</span> <span class='ocrx_word' id='word_1_156' title='bbox 878 1891 988 1940; x_wconf 77' lang='grc' dir='ltr'>ἐνταυθοῖ</span> <span class='ocrx_word' id='word_1_157' title='bbox 998 1895 1042 1950; x_wconf 79' lang='grc' dir='ltr'>τὴν</span> <span class='ocrx_word' id='word_1_158' title='bbox 1053 1891 1078 1939; x_wconf 87' lang='grc' dir='ltr'>έν</span> 
     </span>
     <span class='ocr_line' id='line_1_19' title="bbox 141 1954 1077 2020; baseline 0.001 -18"><span class='ocrx_word' id='word_1_159' title='bbox 141 1957 208 2015; x_wconf 83' lang='grc' dir='ltr'>τόπῳ</span> <span class='ocrx_word' id='word_1_160' title='bbox 225 1957 293 2016; x_wconf 86' lang='lat' dir='ltr'><strong>[Leg.</strong></span> <span class='ocrx_word' id='word_1_161' title='bbox 313 1957 343 2005; x_wconf 77' lang='grc' dir='ltr'>εἰς</span> <span class='ocrx_word' id='word_1_162' title='bbox 354 1957 434 2012; x_wconf 85' lang='grc' dir='ltr'>τόπον,</span> <span class='ocrx_word' id='word_1_163' title='bbox 446 1955 485 2003; x_wconf 88' lang='lat' dir='ltr'><strong>uti</strong></span> <span class='ocrx_word' id='word_1_164' title='bbox 501 1954 592 2020; x_wconf 81' lang='lat' dir='ltr'><strong>suadet</strong></span> <span class='ocrx_word' id='word_1_165' title='bbox 602 1954 681 2002; x_wconf 84' lang='lat' dir='ltr'><strong>totius</strong></span> <span class='ocrx_word' id='word_1_166' title='bbox 692 1955 741 2003; x_wconf 91' lang='lat' dir='ltr'><strong>loci</strong></span> <span class='ocrx_word' id='word_1_167' title='bbox 752 1955 818 2003; x_wconf 85' lang='lat' dir='ltr'><strong>ratio</strong></span> <span class='ocrx_word' id='word_1_168' title='bbox 829 1970 905 2016; x_wconf 89' lang='lat' dir='ltr'><strong>quem</strong></span> <span class='ocrx_word' id='word_1_169' title='bbox 922 1955 984 2003; x_wconf 90' lang='lat' dir='ltr'><strong>citat</strong></span> <span class='ocrx_word' id='word_1_170' title='bbox 999 1955 1077 2003; x_wconf 89' lang='lat' dir='ltr'><strong>Dind.</strong></span> 
     </span>
     <span class='ocr_line' id='line_1_20' title="bbox 142 2019 1078 2080; baseline 0 -13"><span class='ocrx_word' id='word_1_171' title='bbox 142 2019 224 2068; x_wconf 85' lang='lat' dir='ltr'><strong>Praei.</strong></span> <span class='ocrx_word' id='word_1_172' title='bbox 249 2021 318 2068; x_wconf 91' lang='lat' dir='ltr'><strong>Poet.</strong></span> <span class='ocrx_word' id='word_1_173' title='bbox 350 2019 422 2069; x_wconf 82' lang='lat' dir='ltr'><strong>Soen.</strong></span> <span class='ocrx_word' id='word_1_174' title='bbox 447 2034 472 2078; x_wconf 89' lang='lat' dir='ltr'>p.</span> <span class='ocrx_word' id='word_1_175' title='bbox 495 2020 565 2080; x_wconf 70' lang='lat' dir='ltr'><strong>xxx]</strong></span> <span class='ocrx_word' id='word_1_176' title='bbox 592 2021 712 2078; x_wconf 82' lang='grc' dir='ltr'>σημασίαν</span> <span class='ocrx_word' id='word_1_177' title='bbox 734 2021 808 2078; x_wconf 85' lang='grc' dir='ltr'>δηλοῖ,</span> <span class='ocrx_word' id='word_1_178' title='bbox 827 2021 855 2068; x_wconf 81' lang='grc' dir='ltr'>τό</span> <span class='ocrx_word' id='word_1_179' title='bbox 872 2021 898 2068; x_wconf 81' lang='grc' dir='ltr'>δέ</span> <span class='ocrx_word' id='word_1_180' title='bbox 916 2022 1019 2068; x_wconf 83' lang='grc' dir='ltr'>ἐνταῦθα</span> <span class='ocrx_word' id='word_1_181' title='bbox 1040 2023 1078 2069; x_wconf 81' lang='grc' dir='ltr'>καὶ</span> 
     </span>
     <span class='ocr_line' id='line_1_21' title="bbox 141 2082 1077 2144; baseline 0 -13"><span class='ocrx_word' id='word_1_182' title='bbox 141 2086 185 2142; x_wconf 85' lang='grc' dir='ltr'>τὴν</span> <span class='ocrx_word' id='word_1_183' title='bbox 202 2085 226 2132; x_wconf 80' lang='grc' dir='ltr'>ἐν</span> <span class='ocrx_word' id='word_1_184' title='bbox 237 2086 304 2143; x_wconf 83' lang='grc' dir='ltr'>τόπῳ</span> <span class='ocrx_word' id='word_1_185' title='bbox 316 2085 354 2132; x_wconf 77' lang='grc' dir='ltr'>καὶ</span> <span class='ocrx_word' id='word_1_186' title='bbox 371 2087 415 2142; x_wconf 80' lang='grc' dir='ltr'>τὴν</span> <span class='ocrx_word' id='word_1_187' title='bbox 428 2086 458 2132; x_wconf 79' lang='grc' dir='ltr'>εἰς</span> <span class='ocrx_word' id='word_1_188' title='bbox 469 2083 550 2131; x_wconf 83' lang='grc' dir='ltr'>τόπον.</span> <span class='ocrx_word' id='word_1_189' title='bbox 584 2082 744 2143; x_wconf 80' lang='lat' dir='ltr'><strong>Quamquam</strong></span> <span class='ocrx_word' id='word_1_190' title='bbox 761 2085 835 2131; x_wconf 87' lang='lat' dir='ltr'><strong>aliter</strong></span> <span class='ocrx_word' id='word_1_191' title='bbox 851 2083 973 2144; x_wconf 71' lang='lat' dir='ltr'><strong>praecipit</strong></span> <span class='ocrx_word' id='word_1_192' title='bbox 984 2084 1077 2132; x_wconf 88' lang='lat' dir='ltr'><strong>Ioann.</strong></span> 
     </span>
     <span class='ocr_line' id='line_1_22' title="bbox 141 2148 1078 2209; baseline 0 -14"><span class='ocrx_word' id='word_1_193' title='bbox 141 2149 210 2196; x_wconf 80' lang='lat' dir='ltr'><strong>Alex.</strong></span> <span class='ocrx_word' id='word_1_194' title='bbox 223 2164 248 2209; x_wconf 88' lang='lat' dir='ltr'>p.</span> <span class='ocrx_word' id='word_1_195' title='bbox 257 2148 319 2206; x_wconf 80' lang='lat'><strong>36,2</strong></span> <span class='ocrx_word' id='word_1_196' title='bbox 330 2150 434 2196; x_wconf 81' lang='grc' dir='ltr'>ἐνταῦθα</span> <span class='ocrx_word' id='word_1_197' title='bbox 441 2149 485 2205; x_wconf 79' lang='grc' dir='ltr'>τὴν</span> <span class='ocrx_word' id='word_1_198' title='bbox 492 2149 623 2208; x_wconf 69' lang='grc' dir='ltr'>αθτὴνέχει</span> <span class='ocrx_word' id='word_1_199' title='bbox 634 2150 755 2204; x_wconf 81' lang='grc' dir='ltr'>σημασίαν</span> <span class='ocrx_word' id='word_1_200' title='bbox 763 2150 798 2208; x_wconf 80' lang='grc' dir='ltr'>τῷ</span> <span class='ocrx_word' id='word_1_201' title='bbox 807 2148 909 2196; x_wconf 82' lang='grc' dir='ltr'>ἐνταῦθα</span> <span class='ocrx_word' id='word_1_202' title='bbox 915 2151 951 2208; x_wconf 80' lang='grc' dir='ltr'>τῷ</span> <span class='ocrx_word' id='word_1_203' title='bbox 959 2153 1078 2208; x_wconf 84' lang='grc' dir='ltr'>τρωτοτό·</span> 
     </span>
     <span class='ocr_line' id='line_1_23' title="bbox 142 2209 1078 2272; baseline -0.001 -13"><span class='ocrx_word' id='word_1_204' title='bbox 142 2230 180 2272; x_wconf 84' lang='grc' dir='ltr'>τῳ</span> <span class='ocrx_word' id='word_1_205' title='bbox 191 2226 268 2272; x_wconf 87' lang='lat' dir='ltr'><strong>quem</strong></span> <span class='ocrx_word' id='word_1_206' title='bbox 279 2211 369 2259; x_wconf 89' lang='lat' dir='ltr'><strong>itidem</strong></span> <span class='ocrx_word' id='word_1_207' title='bbox 380 2211 484 2259; x_wconf 81' lang='lat' dir='ltr'><strong>adduxit</strong></span> <span class='ocrx_word' id='word_1_208' title='bbox 495 2209 611 2260; x_wconf 80' lang='lat' dir='ltr'><strong>Dindori.</strong></span> <span class='ocrx_word' id='word_1_209' title='bbox 645 2210 695 2260; x_wconf 82' lang='lat' dir='ltr'><strong>Sed</strong></span> <span class='ocrx_word' id='word_1_210' title='bbox 716 2211 825 2259; x_wconf 89' lang='lat' dir='ltr'><strong>breviter</strong></span> <span class='ocrx_word' id='word_1_211' title='bbox 843 2213 868 2258; x_wconf 88' lang='lat' dir='ltr'><strong>et</strong></span> <span class='ocrx_word' id='word_1_212' title='bbox 886 2211 991 2259; x_wconf 89' lang='lat' dir='ltr'><strong>obscure</strong></span> <span class='ocrx_word' id='word_1_213' title='bbox 1013 2211 1078 2258; x_wconf 83' lang='lat' dir='ltr'><strong>dixit</strong></span> 
     </span>
     <span class='ocr_line' id='line_1_24' title="bbox 141 2274 1076 2336; baseline -0.001 -13"><span class='ocrx_word' id='word_1_214' title='bbox 141 2275 346 2325; x_wconf 86' lang='lat' dir='ltr'><strong>Grammaticus:</strong></span> <span class='ocrx_word' id='word_1_215' title='bbox 363 2277 389 2323; x_wconf 87' lang='lat' dir='ltr'><strong>et</strong></span> <span class='ocrx_word' id='word_1_216' title='bbox 405 2274 506 2323; x_wconf 86' lang='lat' dir='ltr'><strong>videtur</strong></span> <span class='ocrx_word' id='word_1_217' title='bbox 522 2274 592 2322; x_wconf 91' lang='lat' dir='ltr'><strong>idem</strong></span> <span class='ocrx_word' id='word_1_218' title='bbox 609 2277 707 2334; x_wconf 81' lang='grc' dir='ltr'>οὐδαμοῖ</span> <span class='ocrx_word' id='word_1_219' title='bbox 720 2289 794 2336; x_wconf 86' lang='lat' dir='ltr'><strong>posse</strong></span> <span class='ocrx_word' id='word_1_220' title='bbox 814 2277 919 2335; x_wconf 81' lang='lat' dir='ltr'><strong>quietem</strong></span> <span class='ocrx_word' id='word_1_221' title='bbox 934 2274 1076 2334; x_wconf 84' lang='lat' dir='ltr'><strong>significare</strong></span> 
     </span>
     <span class='ocr_line' id='line_1_25' title="bbox 140 2337 1093 2402; baseline 0 -16"><span class='ocrx_word' id='word_1_222' title='bbox 140 2339 249 2392; x_wconf 80' lang='lat' dir='ltr'><strong>dixisse:</strong></span> <span class='ocrx_word' id='word_1_223' title='bbox 275 2340 361 2399; x_wconf 84' lang='lat' dir='ltr'><strong>itaque</strong></span> <span class='ocrx_word' id='word_1_224' title='bbox 385 2337 542 2398; x_wconf 71' lang='lat' dir='ltr'><strong>corruptelae</strong></span> <span class='ocrx_word' id='word_1_225' title='bbox 561 2338 658 2399; x_wconf 87' lang='lat' dir='ltr'><strong>aliquid</strong></span> <span class='ocrx_word' id='word_1_226' title='bbox 681 2338 784 2387; x_wconf 86' lang='lat' dir='ltr'><strong>subesse</strong></span> <span class='ocrx_word' id='word_1_227' title='bbox 805 2341 985 2399; x_wconf 71' lang='lat' dir='ltr'><strong>puto—rba</strong></span> <span class='ocrx_word' id='word_1_228' title='bbox 1009 2339 1093 2402; x_wconf 85' lang='lat' dir='ltr'><strong>(ante-</strong></span> 
     </span>
     <span class='ocr_line' id='line_1_26' title="bbox 141 2401 1074 2467; baseline 0 -15"><span class='ocrx_word' id='word_1_229' title='bbox 141 2404 241 2467; x_wconf 80' lang='grc' dir='ltr'>δικαίαν)</span> <span class='ocrx_word' id='word_1_230' title='bbox 261 2403 338 2451; x_wconf 85' lang='lat' dir='ltr'><strong>eximi</strong></span> <span class='ocrx_word' id='word_1_231' title='bbox 358 2402 430 2464; x_wconf 88' lang='lat' dir='ltr'><strong>jubet</strong></span> <span class='ocrx_word' id='word_1_232' title='bbox 453 2402 538 2452; x_wconf 83' lang='lat' dir='ltr'><strong>Cobet.</strong></span> <span class='ocrx_word' id='word_1_233' title='bbox 564 2402 623 2451; x_wconf 87' lang='lat' dir='ltr'><strong>Var.</strong></span> <span class='ocrx_word' id='word_1_234' title='bbox 645 2402 717 2450; x_wconf 70' lang='lat' dir='ltr'><strong>Irect.</strong></span> <span class='ocrx_word' id='word_1_235' title='bbox 739 2417 765 2464; x_wconf 88' lang='lat' dir='ltr'>p.</span> <span class='ocrx_word' id='word_1_236' title='bbox 789 2403 843 2452; x_wconf 82' lang='lat'><strong>118.</strong></span> <span class='ocrx_word' id='word_1_237' title='bbox 877 2401 934 2450; x_wconf 88' lang='lat' dir='ltr'><strong>Vid.</strong></span> <span class='ocrx_word' id='word_1_238' title='bbox 957 2403 991 2450; x_wconf 86' lang='lat' dir='ltr'><strong>ad</strong></span> <span class='ocrx_word' id='word_1_239' title='bbox 1007 2407 1019 2463; x_wconf 65' lang='grc' dir='ltr'>ς</span> <span class='ocrx_word' id='word_1_240' title='bbox 1036 2404 1074 2452; x_wconf 90' lang='grc'>99.</span> 
     </span>
     <span class='ocr_line' id='line_1_27' title="bbox 140 2466 1074 2531; baseline -0.001 -15"><span class='ocrx_word' id='word_1_241' title='bbox 140 2472 231 2527; x_wconf 80' lang='grc' dir='ltr'>ταύτην</span> <span class='ocrx_word' id='word_1_242' title='bbox 243 2471 323 2531; x_wconf 79' lang='grc' dir='ltr'>ψῆφον</span> <span class='ocrx_word' id='word_1_243' title='bbox 334 2467 363 2514; x_wconf 82' lang='lat' dir='ltr'>F.</span> <span class='ocrx_word' id='word_1_244' title='bbox 376 2467 405 2527; x_wconf 78' lang='lat' dir='ltr'>Q.</span> <span class='ocrx_word' id='word_1_245' title='bbox 422 2466 451 2514; x_wconf 91' lang='lat'>0.</span> <span class='ocrx_word' id='word_1_246' title='bbox 468 2481 488 2516; x_wconf 93' lang='lat' dir='ltr'>r.</span> <span class='ocrx_word' id='word_1_247' title='bbox 503 2467 521 2514; x_wconf 90' lang='lat' dir='ltr'>t.</span> <span class='ocrx_word' id='word_1_248' title='bbox 533 2480 559 2514; x_wconf 92' lang='lat' dir='ltr'>u.</span> <span class='ocrx_word' id='word_1_249' title='bbox 571 2481 594 2516; x_wconf 84' lang='lat' dir='ltr'>v.</span> <span class='ocrx_word' id='word_1_250' title='bbox 613 2467 681 2527; x_wconf 84' lang='lat' dir='ltr'><strong>vulg.</strong></span> <span class='ocrx_word' id='word_1_251' title='bbox 700 2468 760 2514; x_wconf 87' lang='lat' dir='ltr'><strong>anta</strong></span> <span class='ocrx_word' id='word_1_252' title='bbox 778 2466 1007 2528; x_wconf 60' lang='lat' dir='ltr'><strong>Bursa—clepa</strong></span> <span class='ocrx_word' id='word_1_253' title='bbox 1024 2480 1074 2515; x_wconf 90' lang='lat' dir='ltr'>om.</span> 
     </span>
     <span class='ocr_line' id='line_1_28' title="bbox 141 2530 1074 2593; baseline -0.003 -11"><span class='ocrx_word' id='word_1_254' title='bbox 141 2532 168 2582; x_wconf 77' lang='lat' dir='ltr'>S.</span> <span class='ocrx_word' id='word_1_255' title='bbox 190 2532 219 2579; x_wconf 90' lang='lat' dir='ltr'><strong>in</strong></span> <span class='ocrx_word' id='word_1_256' title='bbox 230 2550 270 2593; x_wconf 78' lang='grc' dir='ltr'>γρ.</span> <span class='ocrx_word' id='word_1_257' title='bbox 287 2531 383 2579; x_wconf 83' lang='lat' dir='ltr'><strong>habent</strong></span> <span class='ocrx_word' id='word_1_258' title='bbox 399 2531 428 2580; x_wconf 86' lang='lat' dir='ltr'>F.</span> <span class='ocrx_word' id='word_1_259' title='bbox 446 2531 476 2590; x_wconf 77' lang='lat' dir='ltr'>Q.</span> <span class='ocrx_word' id='word_1_260' title='bbox 494 2544 544 2577; x_wconf 85' lang='lat' dir='ltr'><strong>orn.</strong></span> <span class='ocrx_word' id='word_1_261' title='bbox 562 2530 610 2580; x_wconf 81' lang='lat' dir='ltr'>En.</span> <span class='ocrx_word' id='word_1_262' title='bbox 630 2531 721 2578; x_wconf 73' lang='lat' dir='ltr'><strong>Turro.</strong></span> <span class='ocrx_word' id='word_1_263' title='bbox 738 2530 817 2578; x_wconf 74' lang='lat' dir='ltr'><strong>Dran.</strong></span> <span class='ocrx_word' id='word_1_264' title='bbox 835 2530 920 2578; x_wconf 84' lang='lat' dir='ltr'><strong>Vonir.</strong></span> <span class='ocrx_word' id='word_1_265' title='bbox 937 2531 1020 2580; x_wconf 82' lang='lat' dir='ltr'>anx.</span> <span class='ocrx_word' id='word_1_266' title='bbox 1043 2533 1074 2580; x_wconf 92' lang='lat' dir='ltr'><strong>st.</strong></span> 
     </span>
     <span class='ocr_line' id='line_1_29' title="bbox 141 2593 1077 2708; baseline -0.001 -65"><span class='ocrx_word' id='word_1_267' title='bbox 141 2601 157 2624; x_wconf 76' lang='lat'>‘¹</span> <span class='ocrx_word' id='word_1_268' title='bbox 168 2595 233 2644; x_wconf 89' lang='lat' dir='ltr'><strong>Vide</strong></span> <span class='ocrx_word' id='word_1_269' title='bbox 244 2610 277 2643; x_wconf 92' lang='lat' dir='ltr'><strong>ne</strong></span> <span class='ocrx_word' id='word_1_270' title='bbox 287 2595 394 2708; x_wconf 56' lang='lat' dir='ltr'><strong>verbgm</strong></span> <span class='ocrx_word' id='word_1_271' title='bbox 414 2594 534 2643; x_wconf 87' lang='lat' dir='ltr'><strong>debeatur</strong></span> <span class='ocrx_word' id='word_1_272' title='bbox 549 2593 755 2656; x_wconf 88' lang='lat' dir='ltr'><strong>interpretanti.”</strong></span> <span class='ocrx_word' id='word_1_273' title='bbox 789 2594 897 2644; x_wconf 68' lang='lat' dir='ltr'><strong>Sournis.</strong></span> <span class='ocrx_word' id='word_1_274' title='bbox 932 2595 991 2642; x_wconf 89' lang='lat' dir='ltr'>Non</span> <span class='ocrx_word' id='word_1_275' title='bbox 1006 2596 1077 2655; x_wconf 86' lang='lat' dir='ltr'><strong>pute.</strong></span> 
     </span>
     <span class='ocr_line' id='line_1_30' title="bbox 140 2662 375 2709; baseline -0.009 0"><span class='ocrx_word' id='word_1_276' title='bbox 140 2687 206 2698; x_wconf 85' lang='lat'>--</span> <span class='ocrx_word' id='word_1_277' title='bbox 225 2662 338 2709; x_wconf 83' lang='grc' dir='ltr'>ούλεσθαι</span> <span class='ocrx_word' id='word_1_278' title='bbox 369 2694 375 2707; x_wconf 91' lang='grc'><strong>.</strong></span> 
     </span>
    </p>

    <p class='ocr_par' dir='ltr' id='par_1_5' title="bbox 140 2664 1078 2837">
     <span class='ocr_line' id='line_1_31' title="bbox 189 2664 1076 2786; baseline 0 -15"><span class='ocrx_word' id='word_1_279' title='bbox 189 2664 268 2784; x_wconf 55' lang='lat' dir='ltr'>§hm</span> <span class='ocrx_word' id='word_1_280' title='bbox 302 2724 375 2772; x_wconf 77' lang='grc' dir='ltr'>οὕτως</span> <span class='ocrx_word' id='word_1_281' title='bbox 388 2725 465 2786; x_wconf 82' lang='grc' dir='ltr'>καιρὸς</span> <span class='ocrx_word' id='word_1_282' title='bbox 483 2737 503 2771; x_wconf 90' lang='lat' dir='ltr'><strong>s.</strong></span> <span class='ocrx_word' id='word_1_283' title='bbox 515 2738 541 2770; x_wconf 91' lang='lat' dir='ltr'>u.</span> <span class='ocrx_word' id='word_1_284' title='bbox 576 2725 657 2772; x_wconf 80' lang='grc' dir='ltr'>σκαιός</span> <span class='ocrx_word' id='word_1_285' title='bbox 674 2723 689 2782; x_wconf 78' lang='grc' dir='ltr'><em>ἢ</em></span> <span class='ocrx_word' id='word_1_286' title='bbox 708 2724 805 2781; x_wconf 79' lang='grc' dir='ltr'>ἀνήκοος</span> <span class='ocrx_word' id='word_1_287' title='bbox 822 2721 890 2782; x_wconf 84' lang='lat' dir='ltr'><strong>vulg.</strong></span> <span class='ocrx_word' id='word_1_288' title='bbox 909 2724 969 2771; x_wconf 84' lang='lat' dir='ltr'><strong>ante</strong></span> <span class='ocrx_word' id='word_1_289' title='bbox 986 2723 1076 2771; x_wconf 78' lang='lat' dir='ltr'><strong>Rn1sx.</strong></span> 
     </span>
     <span class='ocr_line' id='line_1_32' title="bbox 140 2786 1078 2837; baseline -0.002 0"><span class='ocrx_word' id='word_1_290' title='bbox 140 2789 234 2837; x_wconf 88' lang='lat' dir='ltr'><strong>Probat</strong></span> <span class='ocrx_word' id='word_1_291' title='bbox 247 2788 389 2837; x_wconf 65' lang='grc' dir='ltr'>θυοτατιονς.</span> <span class='ocrx_word' id='word_1_292' title='bbox 422 2787 500 2835; x_wconf 91' lang='lat' dir='ltr'><strong>Dedit</strong></span> <span class='ocrx_word' id='word_1_293' title='bbox 510 2787 597 2836; x_wconf 82' lang='lat' dir='ltr'><strong>Vouu.</strong></span> <span class='ocrx_word' id='word_1_294' title='bbox 632 2786 682 2836; x_wconf 81' lang='lat' dir='ltr'><strong>Sed</strong></span> <span class='ocrx_word' id='word_1_295' title='bbox 697 2787 785 2836; x_wconf 87' lang='lat' dir='ltr'><strong>nullus</strong></span> <span class='ocrx_word' id='word_1_296' title='bbox 797 2801 810 2834; x_wconf 90' lang='lat' dir='ltr'><strong>e</strong></span> <span class='ocrx_word' id='word_1_297' title='bbox 821 2787 988 2836; x_wconf 83' lang='lat' dir='ltr'><strong>Bekkerianis</strong></span> <span class='ocrx_word' id='word_1_298' title='bbox 1000 2787 1078 2836; x_wconf 89' lang='lat' dir='ltr'><strong>habet</strong></span> 
     </span>
    </p>
   </div>
   <div class='ocr_carea' id='block_1_5' title="bbox 138 2944 1080 3778">
    <p class='ocr_par' dir='ltr' id='par_1_6' title="bbox 138 2944 1079 3586">
     <span class='ocr_line' id='line_1_33' title="bbox 139 2944 1078 3009; baseline -0.003 -13"><span class='ocrx_word' id='word_1_299' title='bbox 139 2952 184 3008; x_wconf 77' lang='grc' dir='ltr'>τὴν</span> <span class='ocrx_word' id='word_1_300' title='bbox 196 2947 282 2996; x_wconf 78' lang='lat' dir='ltr'><strong>before</strong></span> <span class='ocrx_word' id='word_1_301' title='bbox 291 2948 390 3004; x_wconf 85' lang='grc' dir='ltr'>δικαίαν,</span> <span class='ocrx_word' id='word_1_302' title='bbox 402 2959 429 2994; x_wconf 76' lang='lat' dir='ltr'><strong>as</strong></span> <span class='ocrx_word' id='word_1_303' title='bbox 441 2959 510 2994; x_wconf 82' lang='lat' dir='ltr'><strong>some</strong></span> <span class='ocrx_word' id='word_1_304' title='bbox 522 2945 585 2994; x_wconf 77' lang='lat' dir='ltr'><strong>omit</strong></span> <span class='ocrx_word' id='word_1_305' title='bbox 633 2949 695 3006; x_wconf 86' lang='grc' dir='ltr'>μεθα</span> <span class='ocrx_word' id='word_1_306' title='bbox 714 2947 835 3009; x_wconf 80' lang='grc' dir='ltr'>προδόται.</span> <span class='ocrx_word' id='word_1_307' title='bbox 864 2945 1005 2994; x_wconf 78' lang='lat' dir='ltr'><strong>Aeschines</strong></span> <span class='ocrx_word' id='word_1_308' title='bbox 1026 2944 1078 2993; x_wconf 76' lang='lat' dir='ltr'><strong>hed</strong></span> 
     </span>
     <span class='ocr_line' id='line_1_34' title="bbox 138 3008 1077 3075; baseline -0.005 -14"><span class='ocrx_word' id='word_1_309' title='bbox 138 3013 161 3062; x_wconf 90' lang='lat' dir='ltr'><strong>it</strong></span> <span class='ocrx_word' id='word_1_310' title='bbox 171 3012 427 3075; x_wconf 59' lang='lat' dir='ltr'><strong>heret—egotam</strong></span> <span class='ocrx_word' id='word_1_311' title='bbox 438 3011 510 3071; x_wconf 82' lang='grc' dir='ltr'>ὡς...]</span> <span class='ocrx_word' id='word_1_312' title='bbox 528 3010 586 3058; x_wconf 86' lang='lat' dir='ltr'><strong>“As</strong></span> <span class='ocrx_word' id='word_1_313' title='bbox 633 3011 687 3058; x_wconf 87' lang='lat' dir='ltr'><strong>also</strong></span> <span class='ocrx_word' id='word_1_314' title='bbox 698 3011 820 3072; x_wconf 85' lang='lat' dir='ltr'><strong>probably</strong></span> <span class='ocrx_word' id='word_1_315' title='bbox 834 3009 887 3057; x_wconf 87' lang='lat' dir='ltr'><strong>this</strong></span> <span class='ocrx_word' id='word_1_316' title='bbox 897 3010 987 3070; x_wconf 83' lang='lat' dir='ltr'><strong>charge</strong></span> <span class='ocrx_word' id='word_1_317' title='bbox 997 3009 1025 3056; x_wconf 93' lang='lat' dir='ltr'><strong>in</strong></span> <span class='ocrx_word' id='word_1_318' title='bbox 1035 3008 1077 3057; x_wconf 92' lang='lat' dir='ltr'>his</span> 
     </span>
     <span class='ocr_line' id='line_1_35' title="bbox 140 3073 1078 3134; baseline -0.005 -9"><span class='ocrx_word' id='word_1_319' title='bbox 140 3091 204 3126; x_wconf 86' lang='lat' dir='ltr'><strong>soon</strong></span> <span class='ocrx_word' id='word_1_320' title='bbox 219 3091 247 3124; x_wconf 88' lang='lat' dir='ltr'>as</span> <span class='ocrx_word' id='word_1_321' title='bbox 257 3075 290 3122; x_wconf 92' lang='lat' dir='ltr'><strong>he</strong></span> <span class='ocrx_word' id='word_1_322' title='bbox 300 3075 352 3122; x_wconf 84' lang='lat' dir='ltr'><strong>had</strong></span> <span class='ocrx_word' id='word_1_323' title='bbox 362 3074 469 3122; x_wconf 89' lang='lat' dir='ltr'><strong>trodden</strong></span> <span class='ocrx_word' id='word_1_324' title='bbox 484 3089 518 3122; x_wconf 92' lang='lat' dir='ltr'>on</span> <span class='ocrx_word' id='word_1_325' title='bbox 531 3074 584 3122; x_wconf 86' lang='lat' dir='ltr'><strong>Me·</strong></span> <span class='ocrx_word' id='word_1_326' title='bbox 632 3074 695 3124; x_wconf 70' lang='lat' dir='ltr'><strong>usu</strong></span> <span class='ocrx_word' id='word_1_327' title='bbox 703 3074 732 3122; x_wconf 89' lang='lat' dir='ltr'><strong>in</strong></span> <span class='ocrx_word' id='word_1_328' title='bbox 743 3074 787 3122; x_wconf 89' lang='lat' dir='ltr'><strong>the</strong></span> <span class='ocrx_word' id='word_1_329' title='bbox 799 3073 949 3134; x_wconf 87' lang='lat' dir='ltr'><strong>concluding</strong></span> <span class='ocrx_word' id='word_1_330' title='bbox 960 3074 1078 3121; x_wconf 89' lang='lat' dir='ltr'><strong>sentence</strong></span> 
     </span>
     <span class='ocr_line' id='line_1_36' title="bbox 139 3137 1078 3198; baseline -0.005 -10"><span class='ocrx_word' id='word_1_331' title='bbox 139 3138 394 3198; x_wconf 85' lang='lat' dir='ltr'><strong>cedonianground.”</strong></span> <span class='ocrx_word' id='word_1_332' title='bbox 426 3138 504 3186; x_wconf 90' lang='lat' dir='ltr'><strong>Dobr.</strong></span> <span class='ocrx_word' id='word_1_333' title='bbox 516 3152 583 3186; x_wconf 89' lang='lat' dir='ltr'><strong>com·</strong></span> <span class='ocrx_word' id='word_1_334' title='bbox 633 3141 660 3186; x_wconf 86' lang='lat' dir='ltr'>ol</span> <span class='ocrx_word' id='word_1_335' title='bbox 676 3138 734 3186; x_wconf 88' lang='lat' dir='ltr'><strong>that</strong></span> <span class='ocrx_word' id='word_1_336' title='bbox 744 3153 804 3198; x_wconf 87' lang='lat' dir='ltr'><strong>very</strong></span> <span class='ocrx_word' id='word_1_337' title='bbox 816 3139 946 3186; x_wconf 78' lang='lat' dir='ltr'><strong>histrionia</strong></span> <span class='ocrx_word' id='word_1_338' title='bbox 965 3137 1035 3198; x_wconf 88' lang='lat' dir='ltr'><strong>piece</strong></span> <span class='ocrx_word' id='word_1_339' title='bbox 1052 3137 1078 3184; x_wconf 78' lang='lat' dir='ltr'><strong>oi</strong></span> 
     </span>
     <span class='ocr_line' id='line_1_37' title="bbox 139 3200 1075 3266; baseline -0.002 -14"><span class='ocrx_word' id='word_1_340' title='bbox 139 3218 214 3266; x_wconf 85' lang='lat' dir='ltr'><strong>pares</strong></span> <span class='ocrx_word' id='word_1_341' title='bbox 232 3202 350 3250; x_wconf 66' lang='lat' dir='ltr'><strong>leschin.</strong></span> <span class='ocrx_word' id='word_1_342' title='bbox 362 3206 375 3262; x_wconf 66' lang='grc' dir='ltr'>ς</span> <span class='ocrx_word' id='word_1_343' title='bbox 387 3203 433 3250; x_wconf 81' lang='lat'>152</span> <span class='ocrx_word' id='word_1_344' title='bbox 450 3216 475 3262; x_wconf 91' lang='lat' dir='ltr'>p.</span> <span class='ocrx_word' id='word_1_345' title='bbox 495 3202 527 3249; x_wconf 85' lang='lat'>48</span> <span class='ocrx_word' id='word_1_346' title='bbox 546 3202 584 3251; x_wconf 76' lang='lat' dir='ltr'><strong>st.</strong></span> <span class='ocrx_word' id='word_1_347' title='bbox 634 3205 740 3262; x_wconf 86' lang='lat' dir='ltr'><strong>oratory‚</strong></span> <span class='ocrx_word' id='word_1_348' title='bbox 754 3202 784 3250; x_wconf 92' lang='lat' dir='ltr'><strong>de</strong></span> <span class='ocrx_word' id='word_1_349' title='bbox 796 3201 886 3249; x_wconf 76' lang='lat' dir='ltr'><strong>(loron-</strong></span> <span class='ocrx_word' id='word_1_350' title='bbox 896 3202 909 3258; x_wconf 68' lang='grc' dir='ltr'><strong>ἓ</strong></span> <span class='ocrx_word' id='word_1_351' title='bbox 921 3202 951 3252; x_wconf 83' lang='grc'>’18</span> <span class='ocrx_word' id='word_1_352' title='bbox 962 3215 987 3261; x_wconf 90' lang='lat' dir='ltr'>p.</span> <span class='ocrx_word' id='word_1_353' title='bbox 1000 3201 1029 3250; x_wconf 83' lang='lat'>65</span> <span class='ocrx_word' id='word_1_354' title='bbox 1038 3200 1075 3250; x_wconf 84' lang='lat' dir='ltr'>St.</span> 
     </span>
     <span class='ocr_line' id='line_1_38' title="bbox 145 3266 1079 3329; baseline -0.004 -13"><span class='ocrx_word' id='word_1_355' title='bbox 145 3270 220 3318; x_wconf 81' lang='lat'>:317</span> <span class='ocrx_word' id='word_1_356' title='bbox 239 3268 270 3314; x_wconf 86' lang='lat' dir='ltr'>R.</span> <span class='ocrx_word' id='word_1_357' title='bbox 295 3270 322 3315; x_wconf 85' lang='grc' dir='ltr'>αθ</span> <span class='ocrx_word' id='word_1_358' title='bbox 342 3271 391 3329; x_wconf 66' lang='grc' dir='ltr'>’γὰρ</span> <span class='ocrx_word' id='word_1_359' title='bbox 414 3269 430 3326; x_wconf 81' lang='grc' dir='ltr'><em>ἡ</em></span> <span class='ocrx_word' id='word_1_360' title='bbox 448 3267 584 3315; x_wconf 86' lang='grc' dir='ltr'>Μακεδονία</span> <span class='ocrx_word' id='word_1_361' title='bbox 639 3266 714 3315; x_wconf 78' lang='lat'>:470</span> <span class='ocrx_word' id='word_1_362' title='bbox 725 3266 756 3314; x_wconf 83' lang='lat' dir='ltr'>R.</span> <span class='ocrx_word' id='word_1_363' title='bbox 789 3267 836 3313; x_wconf 81' lang='grc' dir='ltr'>οὐδ’</span> <span class='ocrx_word' id='word_1_364' title='bbox 852 3268 917 3314; x_wconf 81' lang='grc' dir='ltr'>ὅστις</span> <span class='ocrx_word' id='word_1_365' title='bbox 935 3267 999 3312; x_wconf 76' lang='grc' dir='ltr'>ἐστίν</span> <span class='ocrx_word' id='word_1_366' title='bbox 1021 3267 1079 3313; x_wconf 74' lang='grc' dir='ltr'>οἴκοι</span> 
     </span>
     <span class='ocr_line' id='line_1_39' title="bbox 140 3327 1078 3392; baseline -0.005 -11"><span class='ocrx_word' id='word_1_367' title='bbox 140 3335 225 3386; x_wconf 81' lang='grc' dir='ltr'>κακοὺς</span> <span class='ocrx_word' id='word_1_368' title='bbox 246 3331 262 3391; x_wconf 77' lang='grc' dir='ltr'><em>ἢ</em></span> <span class='ocrx_word' id='word_1_369' title='bbox 288 3334 406 3392; x_wconf 80' lang='grc' dir='ltr'>χρηστοὺς</span> <span class='ocrx_word' id='word_1_370' title='bbox 433 3333 501 3390; x_wconf 84' lang='grc' dir='ltr'>ποιεῖ,</span> <span class='ocrx_word' id='word_1_371' title='bbox 527 3333 583 3379; x_wconf 81' lang='grc' dir='ltr'>ἀλλ’</span> <span class='ocrx_word' id='word_1_372' title='bbox 635 3333 732 3391; x_wconf 86' lang='grc' dir='ltr'>φαῦλος,</span> <span class='ocrx_word' id='word_1_373' title='bbox 745 3327 851 3378; x_wconf 79' lang='grc' dir='ltr'>οὐδέποτ’</span> <span class='ocrx_word' id='word_1_374' title='bbox 863 3329 892 3387; x_wconf 85' lang='grc' dir='ltr'>ἦν</span> <span class='ocrx_word' id='word_1_375' title='bbox 903 3328 928 3376; x_wconf 92' lang='grc' dir='ltr'>έν</span> <span class='ocrx_word' id='word_1_376' title='bbox 945 3329 1078 3388; x_wconf 77' lang='grc' dir='ltr'>Μακεδονία</span> 
     </span>
     <span class='ocr_line' id='line_1_40' title="bbox 141 3394 1078 3458; baseline -0.004 -13"><span class='ocrx_word' id='word_1_377' title='bbox 141 3400 157 3456; x_wconf 80' lang='grc' dir='ltr'><strong>ἡ</strong></span> <span class='ocrx_word' id='word_1_378' title='bbox 176 3400 255 3458; x_wconf 81' lang='grc' dir='ltr'>φύσις·</span> <span class='ocrx_word' id='word_1_379' title='bbox 273 3395 318 3444; x_wconf 82' lang='grc' dir='ltr'>οὐδ’</span> <span class='ocrx_word' id='word_1_380' title='bbox 344 3398 415 3453; x_wconf 80' lang='grc' dir='ltr'>ἐσμὲν</span> <span class='ocrx_word' id='word_1_381' title='bbox 433 3397 507 3457; x_wconf 75' lang='grc' dir='ltr'>ἕτεροί</span> <span class='ocrx_word' id='word_1_382' title='bbox 523 3412 583 3443; x_wconf 83' lang='grc' dir='ltr'>τινες</span> <span class='ocrx_word' id='word_1_383' title='bbox 635 3397 698 3442; x_wconf 85' lang='grc' dir='ltr'>κατὰ</span> <span class='ocrx_word' id='word_1_384' title='bbox 712 3397 757 3452; x_wconf 78' lang='grc' dir='ltr'>τὴν</span> <span class='ocrx_word' id='word_1_385' title='bbox 772 3396 901 3455; x_wconf 80' lang='grc' dir='ltr'>πρεσβείαν</span> <span class='ocrx_word' id='word_1_386' title='bbox 917 3394 989 3442; x_wconf 87' lang='grc' dir='ltr'>καλὸς</span> <span class='ocrx_word' id='word_1_387' title='bbox 1004 3395 1078 3454; x_wconf 74' lang='grc' dir='ltr'>κάγα-</span> 
     </span>
     <span class='ocr_line' id='line_1_41' title="bbox 141 3457 1079 3522; baseline -0.006 -12"><span class='ocrx_word' id='word_1_388' title='bbox 141 3462 234 3522; x_wconf 80' lang='grc' dir='ltr'>ἥκοντες</span> <span class='ocrx_word' id='word_1_389' title='bbox 252 3462 300 3508; x_wconf 81' lang='grc' dir='ltr'>ἀπὸ</span> <span class='ocrx_word' id='word_1_390' title='bbox 313 3463 356 3518; x_wconf 79' lang='grc' dir='ltr'>τῆς</span> <span class='ocrx_word' id='word_1_391' title='bbox 372 3463 508 3521; x_wconf 83' lang='grc' dir='ltr'>πρεσβείας,</span> <span class='ocrx_word' id='word_1_392' title='bbox 528 3461 584 3507; x_wconf 81' lang='grc' dir='ltr'>ἀλλ’</span> <span class='ocrx_word' id='word_1_393' title='bbox 637 3461 686 3506; x_wconf 87' lang='grc' dir='ltr'>θός·</span> <span class='ocrx_word' id='word_1_394' title='bbox 710 3460 795 3519; x_wconf 80' lang='grc' dir='ltr'>οὐγὰρ</span> <span class='ocrx_word' id='word_1_395' title='bbox 810 3459 852 3505; x_wconf 85' lang='grc' dir='ltr'>τὸν</span> <span class='ocrx_word' id='word_1_396' title='bbox 862 3457 951 3518; x_wconf 83' lang='grc' dir='ltr'>τρόπον</span> <span class='ocrx_word' id='word_1_397' title='bbox 962 3458 1026 3505; x_wconf 81' lang='grc' dir='ltr'>ἀλλὰ</span> <span class='ocrx_word' id='word_1_398' title='bbox 1038 3461 1079 3506; x_wconf 83' lang='grc' dir='ltr'>καὶ</span> 
     </span>
     <span class='ocr_line' id='line_1_42' title="bbox 142 3519 1008 3586; baseline -0.008 -11"><span class='ocrx_word' id='word_1_399' title='bbox 142 3532 201 3576; x_wconf 74' lang='grc' dir='ltr'>οἴους</span> <span class='ocrx_word' id='word_1_400' title='bbox 222 3522 467 3586; x_wconf 59' lang='grc' dir='ltr'>ἐξεπέμψατο-ανδ</span> <span class='ocrx_word' id='word_1_401' title='bbox 478 3527 490 3584; x_wconf 67' lang='grc' dir='ltr'><strong>ἓ</strong></span> <span class='ocrx_word' id='word_1_402' title='bbox 501 3525 541 3580; x_wconf 82' lang='grc'>23,</span> <span class='ocrx_word' id='word_1_403' title='bbox 553 3524 585 3571; x_wconf 84' lang='grc'>31</span> <span class='ocrx_word' id='word_1_404' title='bbox 635 3525 676 3571; x_wconf 79' lang='grc' dir='ltr'>τὸν</span> <span class='ocrx_word' id='word_1_405' title='bbox 687 3522 762 3570; x_wconf 87' lang='grc' dir='ltr'>τόπον</span> <span class='ocrx_word' id='word_1_406' title='bbox 771 3519 842 3579; x_wconf 86' lang='grc' dir='ltr'>μόνον</span> <span class='ocrx_word' id='word_1_407' title='bbox 851 3523 1008 3580; x_wconf 77' lang='grc' dir='ltr'>μετήλλαξεν.</span> 
     </span>
    </p>

    <p class='ocr_par' dir='ltr' id='par_1_7' title="bbox 140 3583 1080 3778">
     <span class='ocr_line' id='line_1_43' title="bbox 145 3583 1079 3647; baseline -0.005 -10"><span class='ocrx_word' id='word_1_408' title='bbox 145 3592 220 3640; x_wconf 83' lang='lat'>:209</span> <span class='ocrx_word' id='word_1_409' title='bbox 244 3590 356 3646; x_wconf 78' lang='grc' dir='ltr'>Ἀθήνησι</span> <span class='ocrx_word' id='word_1_410' title='bbox 381 3590 424 3646; x_wconf 77' lang='grc' dir='ltr'>μὲν</span> <span class='ocrx_word' id='word_1_411' title='bbox 444 3588 503 3646; x_wconf 74' lang='grc' dir='ltr'>ἦμεν</span> <span class='ocrx_word' id='word_1_412' title='bbox 525 3590 584 3647; x_wconf 77' lang='grc' dir='ltr'>ἄξιοι</span> <span class='ocrx_word' id='word_1_413' title='bbox 667 3586 746 3646; x_wconf 69' lang='lat'><strong>5357.</strong></span> <span class='ocrx_word' id='word_1_414' title='bbox 765 3583 1079 3646; x_wconf 53' lang='lat' dir='ltr'><strong>dadrooffl‘Unacquaint·</strong></span> 
     </span>
     <span class='ocr_line' id='line_1_44' title="bbox 140 3647 1078 3715; baseline -0.009 -11"><span class='ocrx_word' id='word_1_415' title='bbox 140 3659 182 3714; x_wconf 83' lang='grc' dir='ltr'>τῆς</span> <span class='ocrx_word' id='word_1_416' title='bbox 194 3655 414 3715; x_wconf 78' lang='grc' dir='ltr'>όμετέραςπίστιως</span> <span class='ocrx_word' id='word_1_417' title='bbox 427 3687 475 3700; x_wconf 88' lang='grc'><strong>.....</strong></span> <span class='ocrx_word' id='word_1_418' title='bbox 479 3654 586 3701; x_wconf 84' lang='grc' dir='ltr'>ἐλθόντες</span> <span class='ocrx_word' id='word_1_419' title='bbox 636 3649 668 3698; x_wconf 81' lang='lat' dir='ltr'><strong>ed</strong></span> <span class='ocrx_word' id='word_1_420' title='bbox 687 3649 748 3698; x_wconf 78' lang='lat' dir='ltr'><strong>with</strong></span> <span class='ocrx_word' id='word_1_421' title='bbox 770 3648 918 3698; x_wconf 77' lang='lat' dir='ltr'><strong>traditional</strong></span> <span class='ocrx_word' id='word_1_422' title='bbox 932 3647 1009 3711; x_wconf 85' lang='lat' dir='ltr'><strong>lore,”</strong></span> <span class='ocrx_word' id='word_1_423' title='bbox 1021 3649 1078 3707; x_wconf 87' lang='lat' dir='ltr'><strong>i.e.,</strong></span> 
     </span>
     <span class='ocr_line' id='line_1_45' title="bbox 141 3713 1080 3778; baseline -0.013 -8"><span class='ocrx_word' id='word_1_424' title='bbox 141 3723 161 3770; x_wconf 84' lang='grc' dir='ltr'>δ’</span> <span class='ocrx_word' id='word_1_425' title='bbox 174 3721 206 3769; x_wconf 75' lang='grc' dir='ltr'>εἰς</span> <span class='ocrx_word' id='word_1_426' title='bbox 223 3719 374 3767; x_wconf 76' lang='grc' dir='ltr'>Μακεδονίαν</span> <span class='ocrx_word' id='word_1_427' title='bbox 387 3718 496 3778; x_wconf 77' lang='grc' dir='ltr'>ἐξαίφνης</span> <span class='ocrx_word' id='word_1_428' title='bbox 508 3717 584 3777; x_wconf 78' lang='grc' dir='ltr'>θγενθ·</span> <span class='ocrx_word' id='word_1_429' title='bbox 636 3729 665 3763; x_wconf 82' lang='lat' dir='ltr'>as</span> <span class='ocrx_word' id='word_1_430' title='bbox 692 3728 729 3763; x_wconf 86' lang='lat' dir='ltr'><strong>we</strong></span> <span class='ocrx_word' id='word_1_431' title='bbox 757 3713 849 3764; x_wconf 90' lang='lat' dir='ltr'><strong>should</strong></span> <span class='ocrx_word' id='word_1_432' title='bbox 876 3727 928 3778; x_wconf 76' lang='lat' dir='ltr'><strong>say,</strong></span> <span class='ocrx_word' id='word_1_433' title='bbox 955 3727 981 3762; x_wconf 83' lang='grc' dir='ltr'>ιο</span> <span class='ocrx_word' id='word_1_434' title='bbox 1005 3728 1080 3764; x_wconf 71' lang='lat' dir='ltr'><strong>abac.</strong></span> 
     </span>
    </p>
   </div>
   <div class='ocr_carea' id='block_1_6' title="bbox 969 3791 1153 3919">
    <p class='ocr_par' dir='ltr' id='par_1_8' title="bbox 969 3791 1153 3919">
     <span class='ocr_line' id='line_1_46' title="bbox 969 3791 1153 3919; baseline 0 -16"><span class='ocrx_word' id='word_1_435' title='bbox 969 3791 1153 3919; x_wconf 60' lang='lat' dir='ltr'>r*</span> 
     </span>
    </p>
   </div>
   <div class='ocr_carea' id='block_1_7' title="bbox 0 0 1316 4206">
    <p class='ocr_par' dir='ltr' id='par_1_9' title="bbox 0 0 1316 4206">
     <span class='ocr_line' id='line_1_47' title="bbox 0 0 1316 4206; baseline 0 0"><span class='ocrx_word' id='word_1_436' title='bbox 0 0 1316 4206; x_wconf 95' lang='lat' dir='ltr'> </span> 
     </span>
    </p>
   </div>
  </div>
 </body>
</html>
