2640 4194
234 228 276 290 38
541 225 860 291 DEMOSTHENIS

233 407 285 444 ναι
299 378 382 464 φησὶ
402 379 437 446 τί
455 379 495 444 άν
515 383 615 446 ποιῶν
635 381 817 466 χαρίσαιτο,
834 378 887 444 ἐὰν
905 378 931 443 δ’
946 376 1032 462 ὑμεῖς
1045 388 1170 460 λεγητε,

234 480 379 562 ποιήσειν
393 480 414 544 ἃ
426 480 499 564 μήτ’
515 480 672 570 αἰσχύνην
685 480 758 562 μήτ’
774 477 903 562 α’δοξίαν
916 480 1002 567 αὑτῷ
1015 481 1112 566 φέρει,
1128 481 1172 552 εἰς
1187 503 1194 516 ·

233 585 350 654 ταύτας
369 584 426 654 τὰς
443 585 621 671 προφάσεις
636 584 849 669 καταφεύγων,
865 582 926 648 κάν
939 583 1003 669 ἄρα
1016 583 1125 662 εἴπητέ
1139 610 1171 649 τι

234 686 287 750 καὶ
306 685 485 772 προαχθῆθ’
499 684 586 768 ὑμεῖς
604 681 867 767 ἐπαγγειδιασθαι,
883 683 1086 771 ἀναχώρησιν
1100 686 1171 750 ἑαυ·

222 789 279 872 ’τῷ
292 788 499 850 καταλείπων.

182 927 219 979 42
298 893 406 955 Ταῦτα
430 891 534 956 τοίνυν
562 889 615 954 καὶ
638 887 734 954 πάλλ’
761 888 851 972 ἕτερα
876 889 947 969 ἐνῆν
971 892 1169 976 παραχρῆμα
1182 911 1220 968 47
1308 893 1309 950 Ϊ

234 991 298 1058 τότ’
313 992 400 1063 εὐθὺς
419 991 598 1079 ἐξελέγχειν
618 992 671 1056 καὶ
686 991 846 1055 διδάσκειν
859 989 939 1073 ὑμᾶς
953 992 1006 1056 καὶ
1020 991 1064 1074 μὴ
1077 991 1169 1077 προέ-

234 1095 311 1158 σθαι
333 1093 374 1158 τά
392 1094 553 1180 πράγματ’
575 1095 637 1170 ἐᾶν,
663 1092 750 1174 εἰμὴ
768 1093 911 1157 Θεσπιαὶ
933 1093 986 1158 καὶ
1006 1093 1170 1159 Πλαταιαὶ

234 1197 288 1261 καὶ
309 1197 346 1262 τὸ
366 1198 528 1277 Θηβαίους
549 1195 662 1262 αὐτίκα
685 1195 721 1276 δὴ
740 1194 831 1275 μάλα
848 1193 961 1260 δώσειν
980 1194 1069 1274 δίκην
1083 1194 1169 1282 άφεί-

233 1309 308 1365 λετο
322 1301 379 1382 τὴν
393 1300 552 1382 άλήθειαν.
582 1300 685 1365 καίτοι
699 1303 801 1363 ταῦτα
815 1298 913 1379 εἰμὲν
927 1297 1060 1364 άκοῦσαι
1075 1303 1171 1381 μόνον

234 1402 295 1466 ἔδει
315 1404 369 1468 καὶ
388 1403 617 1488 φενακισθῆναι
637 1401 694 1481 τὴν
712 1399 814 1477 πάλιν,
831 1399 1078 1484 ὀρθῶςελέγετο,
1095 1399 1171 1465 εἰδὲ

234 1505 418 1591 πραχθῆναι
446 1507 492 1589 τῷ
519 1503 595 1579 ὄντι,
621 1501 808 1566 σιωπᾶσθαι
837 1499 1015 1586 συνέφερεν.
1060 1500 1089 1565 εἰ
1112 1501 1170 1584 μὲν

233 1608 295 1693 γάρ
324 1607 445 1673 ἐνταῦθ’
469 1605 508 1686 ἦν
534 1605 593 1687 ἤδη
620 1605 660 1670 τά
689 1604 864 1691 πράγματα
894 1603 977 1669 ὥστε
1003 1602 1075 1685 μηδ’
1099 1604 1169 1670 αι’σ-

235 1707 375 1790 θομὲνοις
404 1711 468 1777 τοῖς
498 1705 654 1786 Θηβαίοις
683 1706 783 1771 πλέον
817 1703 895 1770 εἶναι
925 1704 1031 1786 μηδέν,
1067 1704 1100 1770 τί
1135 1704 1170 1770 οὐ

282 1913 295 1970 5
306 1909 345 1958 46.
378 1908 408 1957 du
420 1909 473 1972 (pro
485 1910 535 1968 ἐὰν)
548 1907 574 1956 S.
587 1918 625 1959 α’.
638 1907 739 1958 A1.Er>.
752 1909 842 1958 Turro.
853 1909 932 1956 Dure.
944 1909 1029 1959 Vonrr.
1042 1911 1126 1960 Bm.
1136 1913 1168 1963 st.

234 1973 314 2022 —d
334 1973 359 2022 S.
371 1973 400 2022 Y.
413 1987 433 2020 s.
449 1973 499 2020 En.
517 1973 607 2021 Turro.
622 1973 701 2020 Dmn.
719 1971 804 2021 Vosne.
823 1973 908 2021 ΒΗΚ.
929 1975 970 2034 st„
989 1975 1073 2036 plneet
1091 1977 1169 2026 etiem

236 2037 392 2086 Somrsso.
427 2036 476 2085 Sed
487 2036 538 2084 elie
548 2038 587 2084 est
597 2037 663 2084 ratio
673 2041 716 2086 τοῦ
726 2039 763 2097 δὲ
773 2039 814 2095 45,
826 2036 863 2085 ibi
877 2038 947 2086 enim
962 2039 1076 2100 sequitur
1090 2041 1167 2090 τοῦτο

236 2101 301 2150 Mihi
312 2101 415 2162 quidem
426 2100 468 2148 hio
479 2100 586 2162 ploretis
598 2101 671 2161 longe
686 2103 777 2150 melior
793 2101 900 2150 videtur.
933 2105 977 2164 tva,
990 2103 1168 2154 κᾶν.,.,..κατα-

234 2170 307 2227 λείπῃ
317 2167 384 2226 vulg.
396 2168 456 2213 ente
466 2165 550 2212 Bru.
563 2166 607 2225 qui
618 2164 678 2212 Ood.
691 2166 717 2214 S.
730 2166 854 2226 egregiam
866 2164 1018 2226 scripturam
1028 2169 1150 2228 reposuit.

282 2235 295 2291 fi
306 2232 346 2280 47.
379 2232 427 2278 Pro
438 2231 515 2289 μόνον,
523 2231 565 2288 μὲν
577 2230 603 2278 S.
615 2232 641 2276 ei
652 2234 821 2290 φενακισθῆναι
829 2232 855 2278 δὲ
865 2231 920 2290 (pro
930 2233 969 2279 rot
977 2235 1015 2292 φ.)
1026 2232 1051 2282 S.
1060 2232 1086 2280 k.
1096 2247 1117 2280 s.
1126 2232 1166 2282 A¹.

233 2294 302 2344 unde
320 2293 368 2342 Ed.
387 2295 477 2343 Temo.
496 2295 532 2355 [et
551 2292 647 2354 Venis]
665 2293 833 2342 sie-refinxit:
851 2297 872 2342 εἰ
887 2297 931 2352 μὲν
946 2297 1045 2344 ἀκοῦσαι
1061 2300 1106 2354 μὲν
1122 2300 1169 2346 ἔδει

234 2362 402 2420 φενακισθῆναι
419 2362 444 2408 δὲ
462 2362 507 2417 τὴν
522 2357 601 2408 πόλιν.
635 2357 685 2406 Sed
704 2357 765 2408 endi
784 2358 958 2406 Scnrnrssnnr
977 2359 1061 2408 sobrie
1082 2360 1169 2422 dispu-

234 2427 345 2472 tantem:
373 2422 532 2472 “varietatis
553 2421 622 2482 origo
642 2437 695 2468 non
716 2425 754 2470 est
772 2422 886 2470 obscure
920 2422 986 2471 Cum
1005 2423 1074 2473 enim
1091 2428 1169 2486 μόνον,

234 2486 359 2535 scribendi
374 2487 524 2548 compendio
537 2487 569 2551 (v.
586 2487 657 2534 Best.
671 2485 704 2533 ed
719 2486 819 2546 Gregor.
832 2486 947 2534 Corinth.
959 2501 985 2547 p,
997 2488 1054 2552 331)
1067 2503 1120 2538 non
1131 2490 1169 2537 in·

234 2551 344 2609 telleeto,
353 2551 499 2600 transiisset
510 2552 539 2598 in
548 2554 601 2610 μέν,
613 2554 642 2599 ut
656 2551 799 2598 membrum
814 2564 922 2610 sequens
936 2551 1096 2600 enteeedenti
1111 2556 1170 2614 epte

233 2614 405 2674 responderet,
417 2619 442 2665 et
454 2618 492 2664 καὶ
504 2615 650 2663 deleverunt
661 2619 687 2662 et
699 2616 725 2662 δὲ
735 2613 886 2662 addiderunt
900 2619 959 2675 post
974 2620 1169 2676 φενακισθῆναι.”

234 2678 313 2725 Plane
325 2677 447 2726 absonum
459 2683 497 2726 est
509 2681 534 2726 et
545 2678 657 2727 deforme
668 2679 778 2726 alterum
788 2681 839 2737 μέν,
847 2678 899 2726 nisi
911 2678 952 2726 eui
962 2693 1036 2730 aures
1046 2682 1091 2728 eut
1102 2681 1171 2730 oenli

234 2741 376 2790 obtusiores
387 2741 447 2791 sint.
480 2743 540 2790 Mox
550 2745 722 2804 τροαίσθεσθαι
735 2742 759 2792 S.

234 2923 263 2972 ου’
274 2931 347 2986 φησιν
356 2923 441 2972 before
455 2938 492 2972 we
506 2926 576 2972 must
590 2927 676 2986 repent
728 2926 812 2982 σθένης
823 2922 848 2972 ἐν
858 2926 895 2986 τῷ
904 2927 1104 2988 παραπρεσβείας.

235 2991 314 3049 φησιν.
351 2988 478 3050 Preoisely
494 2988 524 3036 in
543 2989 588 3036 the
607 3003 678 3037 same
760 2991 823 3048 347.
861 2992 963 3038 θεστιαὶ
981 2993 1020 3038 καὶ
1037 2992 1171 3054 Πλαταιαί]

234 3067 341 3101 manner
352 3052 380 3101 in
391 3053 477 3111 Latin,
488 3061 565 3114 ιιιρια
579 3068 604 3101 ιι
615 3057 677 3102 seire
732 3054 795 3102 “ie
816 3053 844 3102 τὸ
861 3055 967 3103 θεσπιατ
986 3057 1023 3102 καὶ
1045 3057 1172 3106 Πλαταιὰς

238 3119 308 3167 ...sed
322 3120 451 3180 facturum
464 3117 514 3181 (ie.
536 3116 592 3180 ait).
630 3117 677 3165 See
728 3117 916 3176 οἰκισθήσεσθαι.
950 3117 1006 3168 Vid.
1021 3132 1046 3178 p.
1058 3119 1113 3177 347,
1126 3120 1167 3168 20.

234 3180 567 3243 §93.—e’rro7‘yel)=osdot]
585 3181 615 3228 in
632 3181 678 3230 the
728 3185 768 3231 s.”
792 3180 1024 3230 Semeros-41
1050 3185 1094 3240 μὲν
1121 3185 1171 3246 γάρ

234 3260 304 3294 rerer
320 3260 394 3294 sense
412 3246 439 3293 ot
462 3249 512 3293 “to
534 3247 580 3293 eek
601 3260 618 3294 e
639 3247 677 3294 ie·
727 3244 818 3295 ἐνταῦθ’
832 3247 916 3307 κ.τ.λ.]
949 3245 1022 3292 “For
1040 3245 1062 3294 it
1083 3245 1172 3296 effnde

234 3311 324 3370 vour,'’
340 3324 369 3357 ss
385 3309 464 3358 below
481 3325 505 3372 p.
526 3310 572 3358 401
590 3314 603 3370 ς
620 3311 675 3358 213.
727 3309 779 3360 hed
805 3309 909 3370 elresdy
935 3309 1034 3357 arrived
1059 3312 1086 3357 et
1112 3310 1171 3359 thet

235 3373 428 3433 Harpocration:
434 3376 593 3436 λέγεται...τό
600 3373 676 3436 ἐπαγ-
727 3374 846 3434 position,
858 3388 923 3422 were
935 3387 963 3420 so
974 3373 1100 3430 mstnred,
1111 3373 1170 3423 thet

234 3439 366 3499 γέλλεσθαι
384 3442 424 3486 καὶ
438 3441 489 3487 ἀντὶ
503 3440 547 3487 τοῦ
558 3442 677 3501 τροστάτ-
728 3451 790 3485 even
802 3438 823 3484 it
833 3437 878 3485 the
894 3437 1013 3485 Thebans
1028 3437 1119 3497 gained
1136 3453 1171 3487 an

236 3517 286 3548 τειν
307 3500 323 3559 ἣ
346 3503 471 3562 αἰτεῖσθαι,
496 3504 526 3552 ὠς
547 3505 613 3564 παρὰ
616 3539 675 3551 ......
726 3499 826 3561 inkling
844 3502 871 3548 oi
886 3501 916 3558 it,
928 3500 949 3548 it
965 3514 1017 3548 was
1033 3501 1060 3548 of
1074 3515 1109 3548 no
1126 3502 1169 3550 ed-

235 3567 378 3623 Δημοσθένει
390 3568 415 3614 ἐν
425 3568 461 3626 τῷ
475 3569 529 3626 περὶ
544 3569 587 3625 τῆς
601 3583 677 3626 παρα·
726 3567 868 3624 ventegeto
876 3564 1023 3625 them,why
1033 3564 1081 3612 hes
1091 3564 1113 3612 it
1124 3569 1171 3615 not

236 3631 370 3691 πρεσβείας.
404 3629 483 3677 Bekk.
498 3628 594 3680 Aneod.
610 3631 649 3685 29,
662 3630 677 3675 4
726 3627 790 3676 been
801 3628 920 3676 tultilled:
932 3629 979 3676 bnt
989 3628 1011 3675 ii
1021 3627 1042 3676 it
1050 3627 1098 3676 hes
1106 3629 1170 3679 been

235 3692 389 3754 ἀναχώρησιςι
410 3693 425 3752 ἠ
445 3693 569 3754 ἀποφυγή.
603 3695 680 3752 Δημο·
726 3690 850 3740 tnwarted
870 3692 951 3753 owing
972 3694 1000 3740 to
1021 3692 1089 3741 their
1113 3707 1170 3754 pre-
