2628 4194
360 243 419 308 DE
447 235 590 306 FALSA
618 231 883 303 LEGATIONE.
1054 229 1096 300 73

149 397 224 481 μηδ’
240 397 283 468 εἰς
297 397 440 477 Εὔβοιαν
452 394 525 479 μηδ’
541 394 584 464 εἰς
598 391 655 476 τὴν
668 390 817 473 Ἀττικὴν
835 389 1004 457 Φίλιππον
1017 389 1097 471 μηδὲ

99 516 135 577 95
150 501 334 581 Θηβαίους;
356 499 474 578 ταύτην
492 496 600 580 μέντοι
619 493 679 578 τὴν
694 491 758 559 άπὸ
774 497 830 559 τοῦ
848 490 948 557 τόπου
965 487 1019 554 καὶ
1034 490 1096 554 τῶν
1108 504 1148 575 84

149 601 348 690 πραγμάτων
370 600 473 667 αὐτῶν
495 596 678 684 ἀσφάλειαν
703 593 914 683 ὑπάρχουσαν
939 594 979 675 τῇ
1001 589 1097 656 πόλει

149 707 220 772 ταῖς
255 700 373 766 τούτων
408 697 545 769 ἀπάταις
570 698 625 763 καὶ
656 693 885 784 ψευδολογίαις
913 690 1095 762 πεισθέντες

147 802 327 890 προήκασθ’
352 802 444 884 ὑμεῖς,
471 799 525 866 καὶ
553 797 793 887 τετειχισμένην
822 792 935 864 ὅπλοις
959 797 1011 858 καὶ
1035 820 1095 858 πο-

148 905 238 990 λέμῳ
257 908 385 993 συνεχεῖ
402 904 456 968 καὶ
475 901 593 968 πόλεσι
610 899 764 983 μεγάλοις
778 896 960 985 συμμάχων
975 894 1096 980 ἀνδρῶν

149 1007 205 1073 καὶ
218 1007 309 1096 χώρα
324 1009 433 1090 πολλῇ
450 1002 612 1092 περιείδετ’
628 1001 872 1086 άνασταθεξσαν.
910 997 963 1063 καὶ
974 939 1260 1080 ματαίαίθ]19Μί

147 1109 209 1192 μὲν
231 1107 252 1190 ἦ
276 1109 429 1195 πρότερον
451 1107 586 1189 βοήθεια
607 1105 650 1176 είς
672 1105 785 1174 Πύλας
806 1101 878 1184 ὑμῖν
898 1101 1034 1184 γέγονεν,
1056 1098 1095 1180 ἣν

148 1210 232 1296 μετά
244 1211 399 1278 πλειόνων
413 1209 433 1292 ἢ
450 1210 618 1274 διακοσίων
640 1206 805 1272 ταλάντων
820 1201 1023 1284 ἐποιήσασθε,
1041 1200 1094 1294 ἐάν

148 1313 328 1398 λογίσησθε
356 1313 413 1384 τὰς
439 1311 517 1382 ἰδίας
546 1310 688 1378 δαπάνας
715 1307 771 1377 τὰς
799 1309 862 1371 τῶν
896 1330 1093 1391 στρατευσα-

97 1433 135 1506 96
148 1417 261 1498 μένων,
284 1415 417 1497 μάταιαι
440 1413 473 1478 δὲ
496 1413 550 1478 καὶ
574 1413 609 1478 αἱ
629 1409 712 1477 κατὰ
731 1405 886 1490 Θηβαίων
903 1405 1039 1476 ἐλπίδες.
1077 1403 1144 1492 885

150 1517 194 1598 δέ,
220 1520 357 1582 πολλῶν
386 1516 484 1582 ὄντων
512 1515 565 1580 καὶ
594 1514 700 1578 δεινῶν
728 1511 772 1578 ὦν
800 1509 889 1579 οὗτος
917 1507 1093 1593 ὑπηρέτηκε

149 1621 317 1706 Φιλίππῳ,
340 1619 498 1699 πλείστην
521 1617 614 1703 ὕβριν
637 1615 677 1686 ὠς
699 1614 824 1694 άληθῶς
846 1615 915 1702 ἔχει
938 1610 1020 1677 κατὰ
1038 1615 1093 1692 τῆς

148 1722 274 1792 πόλεως
296 1721 349 1788 καὶ
371 1720 522 1786 ἁπάντων
543 1717 636 1802 ὑμῶν,
660 1716 743 1784 τοῦτ’
769 1714 926 1782 ἀκούσατέ
950 1741 1019 1798 μου,
1043 1714 1092 1780 δτι
1163 1741 1166 1754 ·

148 1829 216 1894 τοῖς
230 1823 387 1904 Θηβαίοις
401 1822 570 1907 ἐγνωκότος
585 1823 620 1904 ἐξ
631 1819 731 1908 ἀρχῆς
743 1824 799 1886 τοῦ
814 1821 983 1884 Φιλίππου
998 1817 1091 1884 πάνθ

147 1926 171 1992 ά
195 1924 350 2006 πεποίηκε
368 1925 374 2012 Ι
392 1931 501 2003 ποιεῖν,
528 1923 616 1995 οὗτος
641 1923 840 2006 άπαγγειλος
864 1921 1015 1988 τάναντία
1037 1921 1091 1987 καὶ
1105 1915 1166 1996 368

148 2028 301 2117 φανεροὺς
324 2026 479 2109 ἐπιδείξας
505 2025 585 2108 ὑμᾶς
608 2023 681 2113 οὐχὶ
705 2023 917 2106 βουλομένους
940 2020 1012 2106 ὑμῖν
1032 2022 1093 2106 μὲν

146 2240 210 2299 μηδὲ
225 2240 346 2288 Φίλιππον
363 2239 431 2300 vulg.
451 2239 512 2288 ente
532 2239 618 2287 ann.
651 2238 755 2286 Habent
771 2237 801 2288 Y.
819 2237 849 2286 0.
865 2253 890 2287 v.
925 2237 974 2287 Sed
998 2238 1090 2300 opinor

147 2301 351 2352 Demosthenem
362 2302 517 2364 eeriptnrum
525 2303 605 2351 luieee
616 2304 693 2362 μήτε
703 2305 731 2351 Φ.
744 2305 821 2362 μήτε
833 2304 860 2350 θ.

197 2367 262 2428 595.
295 2368 411 2429 προήκαθ
423 2367 452 2417 0.
467 2381 488 2416 r.
503 2369 522 2415 t.
531 2381 557 2415 u.
567 2369 593 2417 et
604 2382 640 2428 pr.
655 2381 678 2415 v.
703 2366 752 2413 Pro
765 2368 803 2414 καὶ
819 2369 887 2428 χώρη
903 2366 985 2428 πολλῇ
994 2366 1087 2415 Rn1ex.

147 2433 175 2479 et
190 2431 274 2478 Deme.
292 2433 373 2492 χώραν
387 2433 489 2489 πολλήν,
501 2431 592 2491 quibus
608 2430 693 2479 fraudi
712 2429 762 2478 fuit
781 2431 903 2491 ἀσφάλεια
924 2435 1089 2492 τετειχισμένη

148 2497 175 2543 et
187 2495 357 2545 ἀνασταθεῖσα.
391 2493 448 2543 Vid.
459 2495 595 2554 nob—⁷¹1
606 2497 710 2557 προτέρα
725 2495 825 2558 βοήθεια
840 2495 908 2555 vulg.
929 2500 989 2543 ante
1002 2495 1084 2545 Bm.

149 2571 298 2618 quanquam
309 2559 423 2621 τρθτερον
433 2558 538 2607 nonnisi
550 2558 576 2607 S.
592 2558 705 2619 praebet.
738 2558 889 2616 ἡεὶςΠύλιις
905 2558 988 2608 Bm.
1012 2561 1085 2610 etet.

148 2622 229 2671 Dmn.
263 2620 312 2670 Sed
323 2623 339 2680 ἡ
349 2635 399 2672 om.
413 2623 443 2670 F.
455 2622 479 2672 S.
497 2622 528 2670 Y.
537 2621 567 2682 Q.
582 2623 611 2670 0.
620 2625 639 2670 t.
647 2637 674 2670 u.
683 2622 713 2670 B.
730 2622 780 2669 En.
793 2620 883 2670 Tunc.
896 2625 971 2671 reete.
988 2626 1089 2684 βοήθεια

150 2689 183 2736 εις
193 2687 278 2734 Πύλας
287 2684 355 2733 nihil
363 2685 440 2734 hebet
451 2685 518 2746 quod
529 2685 745 2734 offendet—tu
756 2688 889 2747 λογίσησθε
901 2686 926 2736 S.
936 2686 985 2734 En.
995 2687 1084 2738 Tuum.

148 2749 228 2800 Dm».
242 2748 327 2797 Vonn.
339 2749 422 2798 Bm.
434 2752 465 2798 et.
499 2749 559 2797 Mox
569 2750 612 2799 τάς
622 2753 670 2798 τῶν
682 2749 707 2799 S.
719 2750 751 2800 Y.
767 2750 840 2811 Vulg.
853 2765 903 2799 om.
917 2753 967 2800 τίς.

197 2812 262 2874 596.
297 2814 408 2862 ἁπάντων
425 2813 450 2863 S.
464 2813 494 2862 Y.
523 2815 618 2863 πάντων
635 2813 675 2862 Al.
695 2813 720 2862 k.
737 2828 756 2864 s.
801 2814 884 2863 Ceteri
903 2816 964 2864 κατά
980 2817 1086 2865 πάντων.

284 2879 297 2906 0

149 2999 238 3060 ἔλθεῖν]
255 2997 324 3048 “the
334 2997 595 3061 utterimpoesibility
644 3000 782 3060 usurpetur
796 3002 918 3060 τειχισμὸς
933 3013 959 3059 p.
975 3001 1029 3058 325,
1045 3001 1088 3060 25;

149 3065 177 3112 οι
198 3063 267 3112 their
281 3077 340 3111 ever
357 3064 466 3124 coming,
484 3063 529 3112 the
547 3065 594 3112 not
644 3065 669 3110 et
680 3067 760 3124 τεῖχος
776 3078 800 3124 p.
814 3065 868 3119 599,
886 3063 944 3112 25.”
978 3063 1085 3114 Semne.

148 3127 225 3188 being
235 3126 313 3188 likely
324 3140 381 3175 ever
391 3130 418 3175 ιο
429 3127 526 3177 eome.''
645 3127 734 3188 Gomp.
752 3127 927 3176 ἀνασταθεῖσαν
938 3126 989 3174 end
1001 3130 1088 3191 προβε·

182 3195 195 3252 ς
207 3193 248 3241 95.
270 3193 310 3240 καὶ
317 3194 495 3252 τετειχισμένην
506 3191 594 3252 κ.τ.λ.]
644 3194 775 3253 βλημένηὲ
788 3192 955 3240 30.-κιιτὰ
965 3193 1086 3252 θηβαίων]

150 3255 235 3302 “And
245 3254 299 3302 this
315 3255 432 3316 eeeurity,
443 3254 555 3303 lortified
565 3270 594 3304 ee
646 3255 731 3303 “with
749 3254 839 3314 regerd
860 3256 894 3310 to,
917 3254 1086 3316 respecting.'’

150 3316 172 3368 it
182 3333 234 3367 was
244 3317 278 3380 by
289 3318 377 3366 ermed
393 3319 482 3377 forces,
494 3319 545 3367 end
560 3332 594 3367 en
644 3318 737 3368 Metth.
750 3318 793 3367 Gr.
807 3318 852 3365 Gr.
864 3318 940 3377 5581,
955 3319 979 3365 3.

151 3381 484 3443 unintermittingwer,end
494 3382 595 3444 mighty
676 3381 731 3432 36&
766 3381 834 3441 596.
852 3383 906 3441 οθχὶ
921 3384 1089 3446 βουλομένους]

151 3445 225 3495 eities
236 3447 264 3495 of
273 3445 353 3503 alliot,
362 3446 518 3508 andelarge
528 3449 595 3496 treet
644 3445 691 3493 Le.
713 3447 833 3493 Φίλιππον
851 3447 922 3493 πάνθ’
940 3443 1090 3507 άτεποίηκε

151 3511 179 3558 ol
193 3510 321 3572 territory,
332 3524 391 3571 you,
406 3510 441 3572 by
456 3525 520 3571 you:
535 3525 594 3572 neg·
644 3512 694 3558 τοῖς
709 3511 821 3567 elenen
849 3511 935 3557 ποιεῖν·
969 3509 1048 3559 “thet
1067 3512 1089 3560 it

151 3574 208 3634 leet,
227 3573 338 3622 suffered
358 3575 386 3622 to
404 3573 435 3624 be
450 3573 504 3622 leid
525 3574 596 3624 deeo-
644 3587 695 3621 wee
712 3570 840 3633 evidently
858 3574 965 3622 eounter
983 3575 1010 3623 to
1025 3588 1090 3635 your

151 3638 228 3687 lete.'’
267 3638 367 3688 “Amet
393 3638 484 3687 Orator
506 3638 595 3700 hujus·
643 3635 1090 3699 αἰολοο.”-ητηνέχθραντὴντρο“ς

150 3701 329 3764 moditropos.
363 3701 405 3754 Sie
424 3702 595 3765 metaphorice
644 3700 718 3765 θημ]
743 3699 791 3751 See
807 3700 894 3750 Bremi
911 3715 946 3752 on
956 3716 980 3764 p.
996 3703 1034 3765 66,
1049 3705 1086 3757 lb.
