2640 4194
603 222 622 282 5

143 375 303 442 ἀπελθεῖν·
324 376 377 441 καὶ
399 376 479 441 όπαυ
500 375 539 441 όν
560 375 636 442 ὄντα
656 375 818 442 πύθωνται
836 374 1012 455 Φιλιππου,
1033 374 1082 441 δεῖ

143 477 254 548 αὐτοὺς
276 476 425 544 ἀπελθεῖν
442 479 495 543 καὶ
517 479 643 544 ἐκεῖσε10
664 477 733 548 τοὺς
755 477 863 564 ὅρκους
884 477 1006 554 λαβεῖν.
1051 475 1082 542 οἱ

143 575 178 642 δὲ
191 577 259 658 μὴ11
274 577 454 648 πεισθέντες
468 581 546 662 πεζῇ
564 579 719 659 α’πῆλθον,
743 578 795 643 καὶ
816 579 858 647 εἰς
881 577 1080 643 Μακεδονίαν

143 677 333 749 ἀπελθόντες
344 679 496 745 ἐκάθισαν
506 679 597 750 όλους
609 686 690 765 τρεῖς
703 684 811 762 μῆνας,
830 682 837 767 Ι
856 680 912 751 ἕως
923 680 960 745 οὗ
972 678 1082 745 πολλὰ
1098 689 1160 754 337

143 785 206 846 τῶν
228 780 405 862 Ἀθηναίων
427 781 530 870 χωρία
558 783 787 869 καταστρέψας
816 767 994 866 ὑπέστρεφε
1023 781 1082 846 Φί-Ι

143 895 272 962 λιππος,
299 886 332 950 ἐν
357 884 403 956 οῖς
428 886 483 951 καὶ
506 885 768 972 Κερσοβλέπτης.
813 885 866 950 καὶ
897 884 997 949 ἐλθὼν
1026 883 1081 949 οὐκ

143 986 231 1055 εὐθὺς
253 986 417 1075 παρέσχεν
439 987 543 1059 αὐτοῖς
568 990 638 1058 τοὺς
661 987 779 1074 όρκους,
810 985 883 1052 ἀλλ’
910 984 1080 1051 εῖλκνσεν“

143 1087 262 1165 αὐτούς,
279 1089 335 1161 ἕως
348 1090 520 1177 ηιίτρέπισε
534 1091 591 1174 τὴν
607 1091 660 1156 ἐπὶ
675 1089 805 1160 Φωκέας
819 1091 996 1175 στρατείαν,
1013 1089 1080 1156 καί·

143 1217 194 1256 τοι
216 1194 505 1278 πρεσβευσαμένων
529 1193 607 1278 πρός
632 1192 726 1259 αὐτόν
754 1193 890 1257 Φωκέων
918 1192 991 1280 περὶ
1015 1191 1081 1258 δια-

143 1292 266 1364 λύσεως
281 1299 337 1359 τοῦ
350 1289 500 1376 πολέμου.
545 1296 598 1359 καὶ
621 1295 802 1376 ἐξελθόντος
822 1293 917 1359 αὐτοῦ
938 1294 991 1358 ἐπὶ
1011 1295 1080 1366 τούς

144 1395 282 1470 Φωκέας,
305 1394 375 1461 α’ντὶ
397 1399 451 1460 τοῦ
474 1401 655 1482 παρασχεῖν
677 1397 709 1461 ἐν
733 1396 803 1482 ἱερῷ
826 1397 896 1464 τοὺς
919 1394 1028 1480 όρκους
1048 1395 1081 1460 ἐν

144 1496 348 1585 πανδοχείῳ13
367 1497 513 1583 παρέσχε
535 1496 636 1580 λέγων
658 1497 737 1562 οὔτω
760 1505 777 1532 “
787 1496 967 1580 σπένδομαι
987 1495 1081 1575 Ἀθη-

144 1601 242 1672 ναίοις
256 1602 309 1666 καὶ
329 1607 392 1672 τοῖς
414 1602 591 1683 Ἀθηναίων
612 1603 793 1690 συμμάχοις
815 1604 913 1692 χωρὶς
933 1602 1081 1668 Ἀλέων14

144 1705 199 1792 καὶ
220 1703 381 1772 Φωκέων.”
424 1704 514 1788 έλειγε
534 1706 595 1793 ηὰρ
617 1706 666 1771 ότι
688 1706 719 1772 οἱ
737 1709 844 1779 Ἀλεῖς
868 1707 977 1796 ἐχθραὶ
999 1706 1082 1787 ἦσαν

144 1808 207 1871 τῶν
221 1807 328 1892 φίλων
340 1833 409 1888 μου,
425 1811 487 1872 τῶν
501 1809 705 1892 Φαρσαλίων·
728 1813 875 1876 Φωκεῦσι
889 1809 923 1875 δὲ
937 1809 973 1875 οὐ
987 1811 1081 1876 σπέν-

144 1909 245 1990 δομαι,
276 1908 444 1997 ἐπειδήπερ
472 1909 641 1991 ἠσέβησαν
663 1911 707 1983 εἰς
733 1911 770 1977 τὸ
796 1910 885 1996 ἱερόν.
930 1911 1083 1990 ἐλθούσης

144 2009 199 2075 οὖν
221 2013 275 2091 τῆς
296 2011 441 2097 δευτέρας
461 2005 637 2098 πρεσβείας
651 2013 694 2083 εἰς
708 2012 764 2094 τὴν
781 2011 932 2092 Ἀττικὴν
946 2012 962 2076 ὁ
977 2016 1081 2096 Δημο-

144 2110 258 2190 σθένης
281 2113 456 2194 ἐστασίαζε,
474 2115 577 2196 λέγων
594 2112 643 2180 ότι
665 2114 721 2180 οὐκ
739 2114 865 2199 ιίρέσκει
889 2141 944 2196 μοι
965 2115 1007 2180 τὰ
1022 2113 1084 2180 ὑπὸ

146 2216 315 2281 Φιλίππου
330 2215 504 2298 δεδογμένα.
548 2215 564 2280 ὁ
579 2214 612 2280 δὲ
626 2217 783 2304 Αἰσχίνης
797 2217 906 2299 ἔλεγεν
920 2215 969 2282 ότι
984 2220 1083 2282 ταῦτα

145 2316 214 2383 εἰπε
229 2316 396 2387 Φίλιππος
418 2320 451 2383 ἐν
472 2321 517 2404 τῷ
536 2323 661 2405 φανερῷ
681 2319 749 2400 ἐμοὶ
769 2318 803 2382 δέ
820 2317 906 2384 εἶπεν
923 2318 966 2389 εἰς
981 2319 1017 2384 τὸ
1031 2317 1083 2389 οὖς

145 2420 195 2485 ότι
210 2420 323 2502 ί’πλὴν
337 2419 459 2486 Ἀλέων
473 2420 527 2485 καὶ
541 2420 677 2485 Φωκέων
692 2421 788 2497 εἶπον,
806 2419 856 2486 ἵνα
869 2420 912 2503 μὴ
930 2418 1083 2502 μαθόντες

146 2526 287 2603 Θηβαῖοι
309 2525 610 2611 παραφυλάξωνται·
639 2523 748 2596 αὐτοὺς
775 2523 837 2609 ιγὰρ
865 2523 1083 2612 εἰσερχόμενος

146 2627 306 2705 α’πολέσω,
321 2627 448 2698 τούτους
463 2626 496 2692 δὲ
511 2625 634 2692 cosas?
672 2627 703 2692 οἱ
716 2625 749 2690 δὲ
763 2625 926 2706 Ἀθηναῖοι
936 2626 1081 2691 πεισθέν-

146 2755 198 2798 τες
211 2723 352 2815 Αἰσχίνῃ
371 2728 613 2815 ἐχειροτόνησαν
632 2727 741 2817 τρίτην
762 2728 947 2811 πρεσβείαν,
964 2726 1081 2807 βουλό-

144 2858 233 2913 μεναι
254 2830 367 2915 μαθεῖν
381 2832 409 2896 εἰ
429 2831 584 2917 φυλάττει
606 2832 773 2900 Φίλιππος
795 2829 836 2894 τὰ
857 2828 907 2895 ὑπ’
924 2830 1082 2929 Αἰσχίνου

145 2936 309 3025 λεχθέντα.
352 2936 405 3001 καί
430 2935 614 3018 ἐξωμόσατο
643 2934 848 3015 Δημοσθένης
876 2933 955 3014 μήτε
984 2959 1082 3016 πρεσ-

145 3041 262 3116 βεῦσαι
276 3038 355 3121 μήτε
369 3042 532 3114 κοινωνεῖν,
548 3037 610 3103 εἴτε
624 3038 729 3107 καλῶς
743 3037 805 3101 εἴτε
819 3040 921 3104 κακῶς
935 3032 1050 3119 πράξει
1063 3031 1083 3111 ἡ

145 3241 196 3293 end
212 3242 270 3292 that
288 3243 350 3305 they
368 3241 480 3304 αἱροῖ...
492 3244 507 3268 ”
527 3255 591 3302 quae
641 3241 696 3302 (pro
709 3241 801 3301 καίτερ)
812 3237 899 3300 paullo
909 3235 983 3284 infra„

146 3307 299 3368 significatio
321 3303 516 3368 praepositionis
537 3319 590 3353 non
672 3305 727 3354 337.
764 3303 813 3366 (12)
842 3298 993 3356 “distulis'’
1031 3298 1083 3348 vid.

146 3371 401 3433 abhorrstspun'ore
412 3370 521 3419 saeculo.
539 3369 588 3432 (10)
641 3368 749 3424 Sonus.
783 3366 832 3427 (13)
851 3363 930 3412 Attici
946 3366 1085 3413 πανδοκεῖα

145 3435 196 3484 Vix
205 3449 308 3484 necesse
319 3437 358 3483 est
372 3434 496 3483 rescribas
512 3436 591 3483 ἐκεῖσε
639 3432 747 3481 utDsm.
761 3444 786 3492 p.
800 3429 930 3488 3965175.
947 3427 1003 3477 vid.
1017 3427 1081 3477 Lob.

146 3497 518 3562 tatinhujusmodisoriptors.
537 3495 587 3560 (11)
639 3495 672 3544 ad
690 3494 785 3555 Phryn.
802 3508 826 3554 p.
842 3495 897 3543 307.
931 3492 982 3554 (14)
994 3493 1085 3541 ’Δλέων

145 3567 180 3624 μὴ
206 3564 330 3624 sequioris
364 3565 403 3612 est
436 3561 590 3610 Graecitatis
639 3562 665 3608 et
685 3561 765 3609 ’Δλεΐι
781 3557 864 3606 Bm.
882 3557 976 3620 [εἰεί]
994 3556 1038 3617 qui
1055 3556 1084 3603 in

135 3629 222 3689 ’(ηαοε
233 3631 261 3678 οὐ
275 3627 409 3691 ροτιίοἰρὶο
424 3625 595 3687 conjunctum.
638 3623 695 3685 ipsa
706 3621 821 3672 oratione
833 3620 954 3683 spiritum
964 3633 1084 3684 asperum

146 3690 278 3742 fastidiose
296 3689 447 3752 oontemnit)
465 3692 496 3740 ut
513 3692 590 3739 καίτοι
639 3689 732 3738 servat.
