2622 4206
354 258 414 322 DE
442 256 585 323 FALSA
612 259 875 325 LEGATIONE.
1024 261 1085 328 209.

145 407 247 492 ’γέλως
261 405 332 474 ἐστὶ
345 414 530 495 κατηγορεῖν
547 410 665 477 ἐκείνου
683 411 812 478 τουτονί.
857 411 918 496 &yet
931 411 991 498 γάρ
1006 412 1086 478 Αἰσ-
1097 433 1154 490 333

144 507 240 596 χίνην
254 505 375 579 οὐδενὸς.
387 509 536 592 αι’τιῶμαι
551 513 613 576 τῶν
627 511 661 575 ἐν
675 513 719 597 τῷ
733 509 864 596 πολέμῳ
878 512 1086 601 πραχθέντων

147 611 281 696 (τούτων
294 609 357 697 γάρ
372 611 453 676 εἰσιν
472 609 477 698 Ι
495 611 527 676 οἱ
546 613 721 697 στρατηγοὶ
741 612 919 698 ὑπεύθυνοι)
941 613 1009 680 οὐδὲ
1029 621 1085 682 τοῦ
1095 633 1158 711 448

143 712 344 794 ποιήσασθαι
359 713 415 795 τήν
430 713 526 778 πάλιν
540 713 669 797 εἰρήνην,
683 714 756 779 ἀλλ’
773 712 850 804 άχρι
865 715 977 782 τούτου
991 715 1084 781 πάντ’

71 834 129 908 383
144 815 268 902 ἀφίημι.
310 818 346 883 τί
362 815 417 882 οὗν
436 815 520 898 λέγω
540 815 593 881 καὶ
614 816 709 882 πόθεν
724 816 865 905 ἄρχομαι
880 823 1084 905 κατηγορεῖνῑ
1117 852 1123 862 ·

143 923 201 986 τοῦ
214 918 400 998 ποιουμένης
419 921 475 998 τῆς
492 915 614 986 πόλεως
632 917 755 1003 εἰρήνην
773 920 967 1006 Φιλοκράτει
981 945 1084 985 συνει-

466 1024 494 1089 ῖς
517 1017 557 1082 τὰ
578 1017 739 1097 βέλτιστα
760 1021 929 1107 γράφουσι,
952 1022 1005 1084 καὶ
1027 1025 1084 1087 τοῦ

143 1123 228 1210 δῶρα
258 1124 431 1209 εἰληφέναι,
461 1127 517 1189 τοῦ
545 1123 626 1206 μετά
654 1126 753 1189 ταῦτα
783 1123 836 1189 ε’πὶ
865 1125 920 1204 τῆς
949 1122 1083 1207 ὑστέρας

142 1227 318 1312 πρεσβείας
347 1225 417 1294 τοὺς
446 1224 579 1312 χρόνους
604 1231 803 1312 κατατρῖψαι
833 1226 886 1290 καὶ
913 1224 1010 1308 μηδὲν
1041 1223 1084 1290 ὦν

142 1328 354 1415 προσετάξαθ’
370 1328 455 1411 ὑμεῖς
474 1331 618 1408 ποιήσαι,
639 1333 694 1393 τοῦ
712 1329 882 1414 φενακίσαι
900 1327 957 1409 τήν
975 1328 1080 1405 πάλιν,

143 1432 196 1498 καὶ
215 1429 470 1518 παραστήσαντα
496 1429 637 1510 ἐλπίδας,
659 1430 699 1500 ὥς
719 1429 781 1496 ὅσα
800 1430 972 1513 βουλόμεθ’
994 1430 1082 1518 ἡμεῖς

143 1539 311 1607 Φίλιππος
324 1536 446 1622 πράξει,
458 1534 550 1601 πάντ’
567 1534 811 1613 ἀπολωλεκέναι,
827 1542 883 1604 τοῦ
892 1538 974 1620 μετὰ
983 1541 1081 1619 ταῦθ’,

143 1641 256 1726 ἑτέρων
278 1631 499 1726 προλεγόντων
517 1639 737 1726 φνλάττεσθαι
754 1639 808 1705 τὸν
821 1641 963 1705 τοσαῦτα
975 1641 1082 1721 ήδικη-

73 1762 130 1834 384
142 1742 229 1821 κάτα,
258 1746 369 1807 τοῦτον
398 1741 503 1827 ἐκείνῳ
532 1745 723 1830 συνηγορεῖν.
777 1745 877 1807 ταῦτα
905 1745 1078 1827 κατηγορεῖ,
1091 1765 1150 1820 334

142 1849 243 1910 ταῦτα
266 1843 436 1926 μέμνησθε,
459 1844 528 1910 ἐπεὶ
552 1843 675 1910 δικαίαν
702 1841 825 1930 εἰρήνην
847 1844 902 1910 καὶ
930 1845 1003 1930 ἴσην
1028 1847 1081 1911 καὶ

190 2010 269 2068 ἓ383.
302 2009 351 2056 Pro
368 2008 472 2070 ὑστέρας,
485 2009 595 2071 ὑμετέρας
611 2008 630 2058 t.
644 2021 671 2055 11.
682 2021 705 2058 v.
725 2007 754 2058 Β.
772 2009 833 2057 vett.
856 2006 905 2056 Ed.
938 2007 979 2056 An
999 2009 1081 2072 ἑτέρας

144 2072 281 2121 voluerunt
289 2076 510 2135 ῖ--κατατρῖήαι
526 2073 609 2121 Bmtlt.
633 2071 759 2120 “Rectius
776 2075 929 2134 κατατρῖψαι.
956 2071 986 2120 V.
997 2072 1080 2121 Draco

144 2136 278 2185 Stratonis.
291 2138 369 2198 p.87,
386 2137 424 2186 11.
439 2139 479 2184 s.’'.
512 2135 619 2185 Sensus.
653 2137 799 2198 κατατρῖψαι
810 2135 937 2183 Editoree.
980 2133 1080 2195 [Βάκις.

146 2201 192 2262 st]
218 2200 422 2262 παραστήσονται
439 2215 478 2261 pr.
499 2199 525 2249 S.
558 2199 750 2262 παραστήσαντα
768 2203 812 2249 τὰς
830 2199 858 2248 Y.
874 2199 904 2246 Ο.
921 2202 977 2250 tu.
996 2214 1021 2249 v.
1038 2203 1079 2248 uti

143 2264 298 2376 {umente
327 2263 417 2314 Rnxsx.
447 2262 649 2327 περιστήσαντας
675 2265 746 2326 [fort.
774 2276 909 2324 operarum
929 2263 1015 2328 eulpa]
1037 2268 1080 2314 τὰς

33 2349 41 2362 ·
166 2341 230 2378 ΟΠ.

191 2392 269 2453 ἓ384.
302 2390 386 2442 ε’τεῖεῖ
404 2395 449 2442 δικ.
469 2393 511 2455 εῖρ.
530 2393 607 2453 ἑώρων
623 2393 662 2441 καῖ
676 2391 742 2452 vulg.
759 2392 820 2440 ente
837 2390 921 2439 ΒΗΚ.
953 2390 1037 2440 Sedet
1052 2393 1078 2440 et

144 2458 221 2520 ἑώρων
240 2471 291 2508 om.
312 2470 401 2506 omnes
422 2455 575 2505 Bekkeriani
594 2455 680 2520 (hebet
699 2469 747 2506 ree.
765 2455 800 2516 k.)
819 2453 859 2506 λλ
877 2455 906 2505 B.
942 2454 1003 2504 Mox
1024 2459 1079 2516 ῖσην

143 2617 326 2682 speekotwith
334 2617 588 2681 enydegreeofeom·
636 2620 783 2681 κατατρῖψαι
804 2620 851 2668 καῖ
877 2621 950 2679 μηδὲν
971 2622 1078 2681 ποιῆσαι,

143 2683 589 2733 ωοηᾱαῖίοη.-καῖοι”σω,,....ταν-
637 2683 689 2731 end
699 2685 742 2732 τοῦ
753 2686 878 2744 φενακίσαι
894 2687 941 2732 καῖ
957 2686 1080 2747 παραστή·

143 2749 207 2812 roei]
225 2747 321 2795 “Even
337 2746 365 2794 in
379 2747 437 2795 that
453 2761 510 2796 ease
525 2747 589 2795 then
637 2766 714 2796 σαντα
738 2750 847 2814 ἐλπίδας,
860 2747 930 2797 πάντ’
956 2746 1080 2798 άσολωλε·

143 2810 588 2872 itissnperlntivelyndiculousthet
637 2813 708 2861 κέναι.

143 2876 268 2936 aohsrge
285 2874 376 2923 should
391 2875 422 2923 be
438 2875 548 2935 brought
564 2890 589 2924 a·
669 2875 754 2934 5384.
791 2878 842 2925 ἐπεὶ
871 2878 961 2926 δικαίαν
987 2878 1080 2940 κ.τ.λ.]

143 2940 229 3001 geinst
244 2937 301 2986 him
317 2938 351 3000 by
361 2938 405 2986 the
422 2938 586 2990 defendent'’
637 2939 710 2987 “For
721 2939 799 3001 eiust
811 2940 861 2988 end
872 2941 920 2988 teir
934 2955 1018 3002 pesse,
1030 2941 1081 2989 end

144 3004 255 3054 Observe
270 3003 315 3051 the
332 3001 471 3051 admirable
484 3003 588 3052 eonon·
635 3017 696 3051 men
711 3003 768 3052 who
787 3003 839 3053 hed
859 3009 905 3052 not
927 3004 983 3052 sold
999 3004 1080 3053 them-

143 3067 198 3116 tion
209 3068 237 3115 οῖ
247 3066 292 3114 the
303 3066 393 3114 words.
636 3067 726 3124 solves,
751 3083 799 3115 nor
826 3069 1005 3130 subsequently
1026 3067 1082 3116 told

175 3133 232 3180 448.
244 3135 257 3192 ἓ
269 3133 325 3179 383.
356 3131 588 3193 τοῖ,.....σννειπεῖν]
635 3131 881 3188 lies‚Iw0uldeven
891 3132 957 3180 heve
967 3132 1031 3180 been
1041 3131 1081 3180 in·

143 3195 239 3257 Bepeat
253 3195 319 3243 trom
334 3198 405 3244 πόθεν
422 3196 588 3257 (πάτὸτὶνος)
636 3195 720 3244 elined
738 3198 766 3244 to
784 3198 842 3244 vote
860 3195 955 3244 thenks
974 3198 1008 3256 to,
1029 3195 1081 3244 sud

145 3259 309 3310 ἄτα-καῖ
322 3262 365 3308 τοῦ
379 3261 441 3321 δῶρα
457 3261 588 3322 εἰληφέναι]
636 3258 680 3307 bid
690 3258 935 3320 youerownthem.”
953 3259 990 3307 Το
999 3275 1080 3309 croton

144 3327 182 3374 καῖ
193 3323 279 3372 whieh
287 3322 528 3384 displeesedMerkl.
538 3323 590 3372 end
636 3338 654 3371 α
665 3337 750 3386 peace,
763 3337 792 3371 or
805 3338 869 3372 even
882 3326 976 3372 tenete
988 3324 1079 3372 thanks

145 3388 244 3438 Βολεοὶ.
270 3401 352 3435 seems
377 3389 404 3435 to
430 3389 534 3448 present
554 3402 589 3435 no
638 3393 688 3434 toa
694 3401 771 3448 peace
780 3386 886 3448 (though
894 3386 1080 3438 Sehaeterdoes

145 3451 284 3512 difficulty:
301 3454 344 3500 τοῦ
360 3454 478 3500 συνειπεῖν
495 3454 540 3501 καῖ
558 3453 588 3500 et·
636 3454 681 3498 not
693 3451 774 3512 object
785 3454 812 3499 to
823 3451 867 3499 the
878 3451 966 3500 letter:
983 3451 1081 3500 Idoin

145 3519 246 3578 ληφέναι
259 3515 309 3578 (the
320 3517 405 3576 νοιίτιρ
415 3517 461 3578 for
472 3515 512 3564 the
523 3531 588 3564 οινο-
637 3513 689 3562 this
707 3514 820 3576 position
841 3516 868 3563 of
882 3515 975 3590 ¹words)
992 3515 1016 3563 ie
1034 3518 1080 3565 not

143 3577 589 3704 essentessent
636 3579 1081 3704 ἰξῖῗιίἓῖθὲζὲἓῖῖθῖῖἓῖἰὲ

144 3707 270 3770 ιοεροιιᾱιι
288 3707 351 3757 with
368 3707 411 3758 τοῦ
425 3710 478 3758 τοῖς
494 3705 591 3774 χρόνοις
636 3721 679 3756 ere
694 3705 898 3756 accommodated
911 3709 938 3758 to
949 3707 994 3778 the
1005 3709 1081 3758 latter
