2640 4194
709 229 729 290 6

248 379 416 463 πρεσβεία.
459 381 514 448 καὶ
541 381 613 448 τότε
641 382 794 469 φοβηθεὶς
822 383 839 448 ό
867 384 1033 472 Αἰσχίνης,
1062 387 1186 468 μήποτε

247 481 349 560 μένων
377 482 395 547 ὁ
415 483 621 566 Δημοσθένης
643 484 774 570 πέμψαι
796 485 900 552 πείσει
924 489 980 552 τόν
1002 488 1100 570 δῆμον
1121 497 1186 562 τοῖς

248 584 396 650 Φωκεῦσι
420 585 582 665 βοήθειαν,
606 587 875 671 προσεποιήσατο,
900 588 941 658 ὥς
962 591 1050 673 λέγει
1079 599 1184 676 Δημο-

247 683 370 764 σθένης,
385 685 566 771 α’ρρωστεῖν.
603 688 655 752 καὶ
670 686 741 752 τότε
755 687 773 752 ό
787 688 921 772 ἀδελφὸς
934 692 1028 759 αύτοῦ
1043 696 1184 777 Εὔνομος

168 797 229 875 338
246 785 344 867 ἦλθεν
358 787 442 877 ἔχων
460 789 567 872 ἰατρόν
588 791 641 855 καὶ
663 789 782 872 ὀμνύων
799 789 848 858 ’ότι
866 793 1025 880 α’ρρωστεῖ
1040 796 1046 884 Ι
1065 799 1183 888 Αἰσχί-

247 917 306 972 νης.
341 893 394 957 καὶ
409 891 503 956 αὐτόν
516 891 570 958 τόν
586 892 726 974 Εὔνομον
740 892 810 958 ἀντὶ
823 893 935 960 τούτου
946 897 1183 984 ἐχειροτόνησεν

246 993 263 1056 ὁ
292 994 387 1075 δῆμος
416 996 624 1080 πρεσβευτήν.
669 996 722 1060 καὶ
751 996 955 1064 ἀπελθόντων
977 1001 1096 1065 τούτων
1118 1007 1183 1068 τῶν

246 1095 422 1182 πρέσβεων,
445 1094 485 1166 ὥς
506 1097 688 1176 κατέλαβον
709 1098 859 1176 Εὔβοιαν,
875 1099 1024 1182 ἤκουσαν,
1040 1105 1090 1169 ’ότι
1105 1108 1180 1171 Φω-

246 1198 317 1268 κέας
343 1200 585 1286 κατεστρέψατο
609 1199 626 1264 ό
649 1200 826 1280 Φίλιππος,
850 1203 903 1268 καὶ
930 1203 997 1284 μετ’
1026 1206 1182 1294 αἰσχύνης

244 1299 459 1388 ὑπέστρεψαν.
503 1301 656 1382 ἐλθούσης
682 1302 716 1368 δὲ
738 1305 794 1382 τῆς
816 1303 923 1388 τρίτης
939 1307 1115 1390 πρεσβείας
1137 1309 1181 1378 εἰς

245 1405 301 1484 τὴν
314 1403 466 1484 Ἀττικὴν
487 1405 644 1492 Αἰσχίνης
665 1405 959 1492 αύτοχειροτόνητος
980 1410 1180 1493 πρεσβευτὴς

244 1502 370 1586 ἀπῆλθε
384 1506 462 1590 πρὸς
477 1505 652 1584 Φιλιππον,
668 1505 708 1576 ὦς
721 1506 808 1588 λέγει
822 1507 1034 1590 Δημοσθένης.

306 1607 427 1674 Ἰστέον
450 1609 483 1674 δὲ
508 1608 556 1674 ὅτι
578 1613 660 1692 μετὰ
684 1609 741 1691 τὴν
766 1611 942 1696 πρεσβείαν
961 1611 1094 1683 ἕκαστος
1115 1619 1179 1680 τῶν

243 1707 412 1794 πρέσβεων
426 1709 552 1780 εὐθύνας
566 1710 674 1777 ἐδίδου.
719 1710 773 1775 καὶ
787 1710 806 1790 ἡ
820 1710 879 1792 μὲν
892 1712 1003 1799 πρώτη
1018 1717 1179 1802 πρεσβεία

243 1812 407 1898 παρέσχεν
423 1811 550 1881 εὐθύνας
568 1810 647 1877 ούτω
666 1817 779 1892 καλῶς,
797 1811 879 1878 ὥστε
895 1815 950 1880 τὸν
969 1818 1178 1900 Δημοσθένην

241 1912 370 1998 γράψαι
387 1912 523 1978 καλέσαι
541 1913 651 1984 αὐτούς
667 1915 715 1979 ἐπ’
731 1913 870 1999 ἄριστον·
894 1915 963 1986 ἔθος
976 1915 1039 2003 γὰρ
1053 1918 1092 2000 ἦν
1106 1923 1177 1992 τούς

242 2017 346 2083 καλῶς
360 2015 684 2101 πρεσβευσαμένονς15
698 2015 741 2085 εἰς
756 2015 907 2095 δημόσιον
921 2017 1052 2105 ἄριστον
1071 2029 1177 2087 καλεῖ-

242 2116 327 2182 σθαι.
350 2118 507 2202 ἀποροῦσι
522 2117 555 2181 δέ
570 2144 650 2188 τινες
665 2117 745 2193 ότιω,
762 2117 790 2182 εἰ
803 2115 962 2198 ἠπίστατο
971 2122 1177 2204 Δημοσθένης

154 2219 160 2226 ’
241 2217 289 2285 ’ότι
310 2220 464 2308 προδόται
484 2219 575 2302 ἦσαν,
591 2219 643 2286 διὰ
664 2220 697 2285 τί
716 2220 864 2300 ἐποίησεν
885 2219 994 2291 αύτούς
1019 2224 1176 2304 κληθῆναι

240 2321 284 2391 εἰς
298 2320 448 2404 δημόσιον
463 2321 603 2408 ἄριστον·
624 2322 677 2387 καὶ
690 2321 823 2403 λέγομεν
838 2319 885 2385 ’ότι
900 2321 979 2401 μετὰ
993 2321 1030 2387 τὸ
1044 2323 1176 2410 ἄριστον

240 2423 319 2505 ἔγνω
341 2422 394 2489 τόν
416 2424 538 2489 σκοπὸν
556 2422 665 2489 αὐτῶν.
710 2426 772 2487 τῶν
792 2423 825 2487 δὲ
845 2427 900 2503 τῆς
919 2423 1061 2511 δευτέρας
1075 2453 1174 2511 πρεσ-

238 2527 330 2605 βείας
344 2525 436 2609 μόνος
447 2526 463 2591 ὁ
476 2525 680 2608 Δημοσθένης
695 2525 824 2590 δέδωκεν
839 2523 971 2594 εὐθύνας.
1000 2525 1174 2607 μέλλοντος

241 2626 274 2692 δὲ
294 2629 351 2693 τοῦ
371 2628 529 2716 Αἰσχίνου
543 2629 695 2716 παρέχειν
714 2628 833 2706 ἐπέστη
854 2629 1015 2715 Τίμαρχος
1035 2628 1087 2693 καὶ
1107 2633 1172 2709 Δη-

239 2729 394 2811 μοσθένης
410 2728 677 2814 κατηγορήσοντες
691 2728 812 2794 τούτου.
856 2728 909 2794 καὶ
923 2729 1040 2811 ᾔτησεν
1055 2730 1172 2818 Αἰσχί-

240 2859 294 2912 νης
324 2831 489 2919 ἀνάκρισιν
517 2833 674 2915 γενέσθαι,
704 2821 757 2896 καὶ
785 2832 952 2913 γενομένης
981 2829 1172 2915 α’νακρίσεως

241 2932 336 3016 ἔδειξε
365 2932 529 3022 Τίμαρχον
556 2932 759 3018 ἡταιρηκότα,
790 2933 845 2998 καὶ
881 2932 1034 3014 ἐξέβαλον
1068 2932 1171 3000 αὐτόν·

240 3033 332 3119 νόμος
353 3035 414 3120 γὰρ
435 3034 474 3116 ἦν
494 3036 547 3100 τὸν
564 3034 755 3121 ἡταιρηκότα
768 3034 812 3116 μὴ
827 3034 1058 3099 πολιτεύεσθαι.
1104 3035 1172 3102 εἰτα

239 3137 358 3218 ἐπέστη
394 3137 619 3223 κατηγορήσων
647 3135 663 3201 ὁ
692 3135 904 3219 Δημοσθένης.
958 3136 1011 3200 καί
1038 3136 1174 3219 λέγουσί

238 3263 326 3316 τινες,
348 3241 415 3308 πῶς
438 3239 572 3304 ἐνταῦθα
593 3238 748 3320 μέμνηται
770 3243 824 3320 τῆς
846 3241 951 3324 τρίτης
976 3244 1169 3327 πρεσβείας;

236 3336 369 3420 λέγομεν
394 3338 419 3403 δ’
446 3339 494 3405 ’ἰντι
517 3339 599 3423 μετὰ
622 3341 693 3425 τρία
720 3342 773 3420 έτη
800 3345 855 3422 τῆς
875 3345 999 3428 γραφῆς
1024 3343 1171 3424 εἰσῆλθεν

267 3562 324 3611 338.
352 3561 677 3627 (15)“1>ebebatsoribere
726 3569 811 3615 turam
833 3570 940 3618 ὄτι...διὰ
957 3571 989 3619 τί.
1028 3568 1112 3619 Bana.
1136 3573 1172 3634 [et

234 3643 253 3676 τ
269 3627 448 3690 εσβεύσαντας”
471 3629 578 3680 Scnffl.
625 3632 675 3692 (16)
727 3633 773 3692 ολ]
798 3635 857 3692 post
880 3637 975 3690 ἄριστον
998 3633 1172 3696 interrogandi

258 3692 301 3741 ota
310 3691 433 3742 rariorem
448 3693 582 3744 verborum
597 3695 677 3744 strue·
726 3696 828 3757 signum
838 3697 920 3757 ponit.
