2628 4194
226 227 268 290 oo
534 223 850 290 nnnosnnnnrs

209 371 324 448 ¹eddela
343 377 412 444 εἶπε
431 381 492 443 τῶν
512 376 586 464 παρ’
604 378 730 456 ἐκείνου,
751 377 805 443 ἐπὶ
825 380 924 443 ταῦτα
941 377 1027 444 οὗτοι
1042 376 1164 459 μισθώ-

177 485 213 558 69
226 506 338 548 σαντες
353 481 478 550 ἑαυτοὺς
493 480 573 561 ὑμᾶς
588 478 769 562 ἐξηπάτωνς
786 477 867 544 καὶὸ
880 480 939 561 μὲν
949 477 1164 565 Ἀντίπατρος
1178 493 1215 552 77

225 580 279 646 καὶ
293 580 309 645 ὁ
325 580 519 664 Παρμενίων,
533 580 672 663 δεσπότῃ
688 580 898 648 διακονοῦντες
909 579 963 644 καὶ
977 578 1011 644 οὐ
1025 579 1164 661 μέλλον·

152 673 212 752 363
225 707 276 750 τες
293 680 298 768 Ι
318 680 389 764 ὑμῖν
406 681 487 759 μετὰ
500 679 586 746 ταῦτ’
601 681 809 764 ἐντεύξεσθαι,
830 679 913 764 ὅμως
927 681 1011 747 τοῦθ’
1027 681 1164 768 εὕροντο,

225 782 268 863 μὴ
288 780 327 848 δι’
342 780 445 847 αὑτῶν
467 781 548 866 ὑμᾶς
566 781 811 866 ἐξαπατηθῆναι·
833 784 864 848 οἱ
879 783 904 847 δ’
925 782 1087 863 Ἀθηναῖοι
1107 788 1165 867 τῆς

227 979 303 1026 quam
314 963 391 1014 etism
403 978 446 1013 sex
457 964 533 1014 (lodd
547 965 627 1014 Bekk.
638 965 744 1013 tuentur
751 967 766 992 ”
779 964 921 1014 Sonent-nu.
951 965 1070 1014 Fortasse
1080 963 1164 1015 voluit

226 1029 263 1077 ito
274 1029 323 1077 sibi
333 1029 440 1091 placere,
455 1029 477 1076 si
486 1043 548 1078 mox
558 1031 612 1078 atre
622 1028 783 1086 rescribatur;
794 1044 857 1077 num
868 1028 917 1078 οὐκ
928 1031 1017 1088 ἐτόλμα
1027 1032 1165 1092 ψεύσασθαι

227 1092 410 1156 οὔτ’...γρὰψαι
420 1093 463 1141 vix
474 1093 600 1140 Graecum
613 1092 673 1155 (nisi
684 1095 738 1141 circ
751 1095 810 1141 ante
827 1096 960 1156 ψεύσασθαι
974 1093 1095 1142 addatur:
1113 1093 1164 1142 hoo

227 1159 313 1205 cutem
320 1157 436 1204 additum
446 1156 563 1218 putidam
572 1170 632 1204 sane
640 1155 774 1204 lectionem
784 1156 899 1216 praebet;
911 1170 987 1204 nemo
996 1156 1066 1204 enim
1076 1157 1163 1207 credat

229 1224 363 1282 ψεύσασθαι
382 1224 407 1269 et
426 1223 520 1283 γράψαι
538 1220 651 1268 interae
670 1220 787 1280 opposita
804 1234 871 1270 esse:
893 1221 974 1268 immo
996 1219 1048 1270 οὐδὲ
1068 1223 1165 1283 γράψαι

227 1283 343 1332 additum
353 1287 410 1346 post
423 1286 556 1347 petronem
567 1283 710 1344 explicandi
719 1285 745 1331 et
755 1283 902 1331 illustrandi
911 1283 1006 1344 cause).
1035 1284 1164 1344 Equidem

227 1348 256 1396 in
272 1349 402 1409 vulgatam
417 1349 553 1396 lectionem
570 1361 711 1409 propensus
730 1361 796 1404 sum,
815 1346 890 1395 modo
908 1346 962 1396 οὐδ’
982 1350 1014 1399 εἰς
1032 1350 1165 1407 ἐπιστολὴν

228 1411 330 1461 scribas.
364 1411 453 1460 Obstat
470 1412 558 1460 tamen
577 1411 645 1472 quod
664 1414 718 1460 οὔτ’
737 1413 769 1460 εἰς
785 1414 833 1472 tn„
853 1425 1008 1472 quamquam
1027 1411 1101 1460 aliter
1118 1412 1164 1460 alii

227 1477 420 1534 collocaverunt,
430 1475 490 1523 libri
506 1488 595 1523 omnes
608 1474 712 1524 habent.
745 1475 835 1535 Itaque
849 1478 904 1523 cire
916 1477 1063 1538 πρεσβευτὴς
1076 1489 1164 1524 neces·

228 1540 324 1588 sarium
341 1539 448 1597 videtur,
467 1539 565 1586 sivein
584 1538 673 1586 ceteris
690 1538 819 1599 vulgatam
837 1538 973 1599 sequimur,
996 1553 1040 1587 seu
1057 1539 1165 1588 lectioni

227 1617 305 1664 quam
324 1602 428 1665 praebet
444 1602 573 1650 Bekkerus
591 1601 743 1650 accedimus.
776 1602 798 1650 A
820 1616 869 1663 quo
891 1602 1011 1662 quoniam
1030 1617 1165 1663 nunquam

227 1667 280 1715 nisi
290 1668 319 1714 ut
330 1666 437 1714 arbitror
448 1665 510 1713 satis
520 1665 596 1727 justis
602 1666 685 1713 causis
696 1665 818 1714 adductus
830 1665 909 1714 statui
919 1665 1053 1723 discedere,
1064 1669 1165 1715 textum

228 1731 283 1791 ejus
305 1729 499 1790 repraesentavi.
532 1728 649 1777 (lotorum
670 1728 773 1777 liberior
793 1731 832 1778 est
854 1731 987 1778 structure.
1020 1729 1052 1777 Id
1073 1730 1165 1792 opinor

228 1793 318 1842 Orator
336 1793 429 1843 voluit:
452 1791 494 1842 οὐκ
510 1795 600 1850 ἐτόλμα
619 1795 759 1856 ψεύσασθαι,
778 1791 923 1851 circuiris,
944 1797 997 1842 οὔτε
1016 1798 1166 1857 πρεσβευτὴν

228 1861 334 1921 πέμψας.
369 1855 418 1906 Sed
430 1857 563 1906 circuiris
576 1858 743 1918 posteaquem
759 1858 859 1917 plenius
870 1860 896 1906 et
906 1857 1033 1918 copiosius
1048 1872 1163 1918 pronun-

228 1922 344 1980 tiaverat,
364 1921 481 1968 effectum
497 1923 537 1969 cst
553 1923 582 1968 ut
598 1921 706 1969 alterum
723 1921 772 1968 coli
787 1920 929 1969 membrum
947 1921 997 1968 alio
1010 1921 1087 1969 modo
1102 1922 1163 1971 scri-

228 1985 306 2034 beret.
341 1983 469 2032 Nimirum
488 1989 543 2033 οὔτε
560 1987 592 2034 εἰς
610 1987 746 2044 ἐπιστολήν,
769 1988 823 2033 οὔτε
840 1987 991 2096 τρεσξευτής,
1009 1987 1165 2034 examussim

230 2048 277 2097 sibi
288 2048 450 2110 respondent,
462 2062 607 2109 quanquam
617 2048 716 2097 incuria
729 2049 837 2109 quadum
849 2049 898 2098 scri
916 2048 976 2096 endi
990 2051 1097 2111 ἔγραψεν
1110 2064 1165 2098 non

230 2115 311 2172 topica
328 2111 404 2177 (quod
417 2111 498 2175 aiunt)
516 2116 688 2174 consequentia
704 2114 847 2173 collocatur,
867 2126 931 2173 quae
946 2111 1094 2172 huiusmodi
1110 2117 1165 2163 est:

230 2181 286 2225 οὔτε
296 2179 402 2238 ἔγραψεν
418 2178 449 2226 εἰς
466 2179 602 2234 ἐπιστολήν,
620 2180 673 2224 οὔτε
689 2179 836 2236 πρεσβευτὴς
853 2179 912 2224 εἴτε.
945 2177 1006 2224 Post
1021 2179 1061 2225 ἐπὶ
1075 2179 1162 2238 ταῦτα,

229 2240 539 2291 circiom.Bnnn.D1no.
556 2240 604 2290 En.
623 2241 713 2290 Turro.
729 2240 814 2289 Vonn.
828 2240 911 2288 Bnnn.
929 2242 961 2287 st.
996 2240 1045 2289 Sed
1062 2245 1165 2289 servant

228 2306 258 2354 F.
269 2306 299 2354 Y.
312 2305 341 2364 Q.
354 2305 382 2353 0.
396 2318 417 2351 r.
429 2305 447 2354 t.
459 2319 485 2352 u.
497 2319 520 2353 v.
539 2303 585 2352 alii
601 2303 692 2365 opinor
708 2303 757 2366 (uti
774 2305 864 2352 saltem
880 2318 910 2351 ex
927 2303 1028 2352 silentio
1045 2304 1165 2354 Linamr

229 2371 342 2418 annom
353 2370 457 2416 Rnrsnn
472 2367 531 2416 licet
546 2367 678 2428 conjicere)
694 2381 776 2427 nsque
792 2367 876 2416 obstat
893 2369 916 2416 oi
930 2386 961 2430 γε
976 2367 1090 2428 praeced.
1124 2369 1164 2417 Gi.

228 2434 302 2482 Auci.
320 2434 389 2481 Orat.
407 2431 439 2480 de
454 2432 601 2481 Halonneso
617 2445 642 2492 p.
660 2432 691 2481 86
708 2432 761 2490 §38
778 2434 1072 2494 ὑε...ἐκεΐνοε...ἐβούλττο.
1095 2431 1165 2481 ·Vid.

228 2497 344 2558 adsit.

277 2564 289 2620 ξ
311 2565 348 2612 77.
382 2558 476 2618 εὕροντο
496 2561 525 2608 τὸ
546 2561 579 2619 μὴ
599 2559 667 2618 vulg.
690 2560 750 2607 ante
771 2558 853 2608 Bnrn.
899 2560 927 2608 τὸ
949 2572 998 2608 om
1025 2558 1051 2608 S.
1096 2559 1166 2622 εὖρον

229 2625 260 2674 Y.
272 2624 297 2672 k.
310 2639 328 2673 s.
342 2623 584 2673 A¹.Ald.Tsrnon1.
618 2623 737 2670 Fortasse
750 2621 812 2670 hino
827 2621 931 2683 colligas
945 2637 999 2670 var.
1013 2623 1070 2674 lect.
1085 2623 1166 2672 inisse

230 2688 304 2750 sipon,
324 2690 400 2748 τὸμὴ
419 2686 447 2736 δι’
465 2687 655 2736 αὐτῶν.,,Ροοοε
671 2700 841 2748 reposuerom,
857 2688 887 2734 ut
905 2687 977 2748 εὑρεῖν
995 2686 1064 2734 idem
1080 2688 1167 2737 valeat

229 2755 306 2814 atque
323 2754 396 2814 εὑρεῖν
414 2753 515 2813 ἐρμαῖον,
533 2754 596 2812 ἔχειν
613 2752 709 2812 εὕρημα.
745 2749 800 2798 vid.
817 2751 870 2798 not.
904 2750 965 2798 Mox
986 2749 1063 2799 αὐτῶν
1077 2751 1163 2801 ΒΕΚΚ,

230 2867 318 2929 [αὐτῶν
333 2829 616 2926 εῐ.]-έξ;πατηθῆναι
628 2863 740 2912 S.—ol
757 2865 777 2910 δ’
786 2861 908 2920 Ἀθηναῖοι
921 2862 981 2911 (lod.
997 2865 1100 2911 tantum
1110 2879 1166 2913 non

229 2943 325 2980 omnes.
348 2932 370 2978 ol
382 2929 410 2990 δ’,
423 2927 552 2986 Ἀθηναῖοι,
565 2927 750 2987 interpungunt
763 2926 813 2974 Eo.
829 2927 892 2976 Tua
905 2927 989 2975 Vonu.
1004 2927 1104 2989 [Erravi
1121 2929 1167 2988 qui

229 2995 291 3043 olim
302 2992 451 3044 crediderim
461 2995 599 3040 vocativum
613 3005 667 3040 esse
681 2991 801 3052 Ἀθηναῖοι
817 2990 998 3052 interpretibus
1013 2991 1165 3040 Triumviris

263 3171 319 3220 363.
352 3172 420 3230 577.
457 3169 538 3216 “And
559 3168 671 3217 whereas
720 3167 1022 3230 godsend‚thispieoeoi
1037 3168 1165 3229 goodior-

231 3237 293 3296 (μὲν)
311 3233 446 3294 Antipater
466 3233 517 3281 and
536 3233 671 3281 Parmenio
720 3233 806 3280 tune.''
839 3231 877 3282 Oi.
898 3246 944 3293 pro
959 3231 1059 3283 Phorm.
1077 3245 1102 3294 p.
1117 3235 1165 3285 957

230 3298 329 3359 though
338 3301 452 3346 servants
460 3296 672 3345 oiataslrmaster
719 3299 732 3356 ἕ
750 3297 780 3343 43
801 3297 912 3355 ἐκτήσαθ’
932 3298 1010 3357 εὑρών,
1032 3311 1051 3343 1.
1075 3296 1165 3357 Steph.

231 3363 257 3421 (a
277 3377 348 3412 more
368 3360 496 3410 invidious
517 3361 585 3408 word
607 3360 672 3408 than
720 3373 745 3420 p.
756 3360 893 3420 1126581.
922 3360 973 3407 For
985 3361 1167 3421 εὑρίσκεινεεύ·

229 3439 293 3473 even
304 3439 350 3473 our
361 3427 463 3487 despui),
475 3423 527 3472 and
537 3426 583 3472 not
597 3423 672 3484 being
720 3426 843 3485 ρὶσκεσθοι
861 3423 899 3486 (in
915 3424 1012 3484 poetry)
1032 3437 1073 3472 see
1095 3423 1164 3472 Mus.

229 3488 305 3550 likely
315 3491 343 3537 to
353 3489 438 3536 tallin
453 3488 514 3535 with
529 3502 580 3549 you
596 3487 670 3535 after-
721 3487 784 3535 Orit.
796 3487 849 3536 Vol.
865 3501 884 3536 1.
901 3500 925 3547 p.
944 3488 1021 3547 2104,
1038 3486 1087 3538 viz.
1105 3487 1165 3537 that

229 3551 319 3609 warda,
337 3554 381 3613 yet
398 3551 490 3600 earned
508 3551 560 3599 this
577 3551 671 3599 adven·
721 3549 782 3612 they
793 3565 857 3598 were
871 3553 917 3598 not
934 3549 978 3598 the
994 3550 1165 3599 instrumente

228 3618 285 3676 tage
307 3617 345 3678 [or
365 3615 386 3664 ii
411 3629 448 3663 we
466 3614 527 3663 read
549 3613 620 3674 εὖρον,
643 3617 672 3663 τὸ
720 3613 1166 3674 inyourbeingdeceived:yetthese

231 3681 282 3740 (see
302 3682 392 3729 Annei.
419 3679 494 3740 ortt.)
517 3677 593 3726 “had
618 3677 671 3731 this
720 3677 795 3740 being
816 3676 967 3736 Atheniens,
989 3676 1115 3726 members
1137 3678 1165 3728 oi
