<?xml version="1.0" encoding="UTF-8"?>
<!DOCTYPE html PUBLIC "-//W3C//DTD XHTML 1.0 Transitional//EN"
    "http://www.w3.org/TR/xhtml1/DTD/xhtml1-transitional.dtd">
<html xmlns="http://www.w3.org/1999/xhtml" xml:lang="en" lang="en">
 <head>
  <title>
</title>
<meta http-equiv="Content-Type" content="text/html;charset=utf-8" />
  <meta name='ocr-system' content='tesseract 3.04.00' />
  <meta name='ocr-capabilities' content='ocr_page ocr_carea ocr_par ocr_line ocrx_word'/>
</head>
<body>
  <div class='ocr_page' id='page_1' title='image "./demosthenisdefa01shilgoog_0098.png"; bbox 0 0 2628 4194; ppageno 0'>
   <div class='ocr_carea' id='block_1_1' title="bbox 221 225 852 294">
    <p class='ocr_par' dir='ltr' id='par_1_1' title="bbox 221 225 852 294">
     <span class='ocr_line' id='line_1_1' title="bbox 221 225 852 294; baseline -0.003 0"><span class='ocrx_word' id='word_1_1' title='bbox 221 225 263 294; x_wconf 84' lang='lat'>78</span> <span class='ocrx_word' id='word_1_2' title='bbox 531 225 852 292; x_wconf 84' lang='lat' dir='ltr'>DEMOSTHENIS</span> 
     </span>
    </p>
   </div>
   <div class='ocr_carea' id='block_1_2' title="bbox 168 337 1244 1389">
    <p class='ocr_par' dir='ltr' id='par_1_2' title="bbox 168 337 1244 1389">
     <span class='ocr_line' id='line_1_2' title="bbox 467 337 711 372; baseline -0.008 0"><span class='ocrx_word' id='word_1_3' title='bbox 467 353 471 372; x_wconf 77' lang='grc' dir='ltr'>ι</span> <span class='ocrx_word' id='word_1_4' title='bbox 682 337 711 372; x_wconf 66' lang='lat' dir='ltr'>a!</span> 
     </span>
     <span class='ocr_line' id='line_1_3' title="bbox 220 381 1167 469; baseline 0.004 -21"><span class='ocrx_word' id='word_1_5' title='bbox 220 382 385 469; x_wconf 80' lang='grc' dir='ltr'>περιέσται</span> <span class='ocrx_word' id='word_1_6' title='bbox 395 382 447 448; x_wconf 82' lang='grc' dir='ltr'>διὰ</span> <span class='ocrx_word' id='word_1_7' title='bbox 457 383 514 464; x_wconf 82' lang='grc' dir='ltr'>τὴν</span> <span class='ocrx_word' id='word_1_8' title='bbox 526 382 648 469; x_wconf 80' lang='grc' dir='ltr'>εἰρήνην</span> <span class='ocrx_word' id='word_1_9' title='bbox 658 410 666 462; x_wconf 91' lang='grc'><strong>;</strong></span> <span class='ocrx_word' id='word_1_10' title='bbox 681 383 762 452; x_wconf 64' lang='lat' dir='ltr'>Pons</span> <span class='ocrx_word' id='word_1_11' title='bbox 774 383 813 449; x_wconf 82' lang='grc' dir='ltr'>άν</span> <span class='ocrx_word' id='word_1_12' title='bbox 824 385 914 450; x_wconf 82' lang='grc' dir='ltr'>εἴποι.</span> <span class='ocrx_word' id='word_1_13' title='bbox 945 382 1023 465; x_wconf 79' lang='grc' dir='ltr'>πρὸς</span> <span class='ocrx_word' id='word_1_14' title='bbox 1035 381 1073 464; x_wconf 81' lang='grc' dir='ltr'>δὴ</span> <span class='ocrx_word' id='word_1_15' title='bbox 1084 389 1167 452; x_wconf 81' lang='grc' dir='ltr'>τοῦ·</span> 
     </span>
     <span class='ocr_line' id='line_1_4' title="bbox 219 483 1167 570; baseline 0.001 -17"><span class='ocrx_word' id='word_1_16' title='bbox 219 513 261 553; x_wconf 91' lang='grc' dir='ltr'>τα</span> <span class='ocrx_word' id='word_1_17' title='bbox 275 488 372 552; x_wconf 81' lang='grc' dir='ltr'>ε’κείνο</span> <span class='ocrx_word' id='word_1_18' title='bbox 387 486 466 567; x_wconf 76' lang='grc' dir='ltr'>ὑμᾶς</span> <span class='ocrx_word' id='word_1_19' title='bbox 480 485 722 570; x_wconf 79' lang='grc' dir='ltr'>ὑπολαμβάνειν</span> <span class='ocrx_word' id='word_1_20' title='bbox 736 486 790 561; x_wconf 87' lang='grc' dir='ltr'>δεῖ,</span> <span class='ocrx_word' id='word_1_21' title='bbox 806 483 855 551; x_wconf 73' lang='grc' dir='ltr'>’ότι</span> <span class='ocrx_word' id='word_1_22' title='bbox 868 485 922 551; x_wconf 86' lang='grc' dir='ltr'>καὶ</span> <span class='ocrx_word' id='word_1_23' title='bbox 936 483 978 551; x_wconf 87' lang='grc' dir='ltr'>τά</span> <span class='ocrx_word' id='word_1_24' title='bbox 990 486 1167 554; x_wconf 82' lang='grc' dir='ltr'>Φιλίππου</span> 
     </span>
     <span class='ocr_line' id='line_1_5' title="bbox 219 585 1166 674; baseline -0.002 -20"><span class='ocrx_word' id='word_1_25' title='bbox 219 587 395 674; x_wconf 86' lang='grc' dir='ltr'>πράγματα</span> <span class='ocrx_word' id='word_1_26' title='bbox 416 589 451 652; x_wconf 87' lang='grc' dir='ltr'>ἐκ</span> <span class='ocrx_word' id='word_1_27' title='bbox 469 591 524 668; x_wconf 73' lang='grc' dir='ltr'>τῆς</span> <span class='ocrx_word' id='word_1_28' title='bbox 545 587 666 668; x_wconf 77' lang='grc' dir='ltr'>εἰρήνης</span> <span class='ocrx_word' id='word_1_29' title='bbox 684 587 811 669; x_wconf 80' lang='grc' dir='ltr'>γέγονεν</span> <span class='ocrx_word' id='word_1_30' title='bbox 830 585 1029 672; x_wconf 78' lang='grc' dir='ltr'>εὐπορώτερα</span> <span class='ocrx_word' id='word_1_31' title='bbox 1045 591 1166 673; x_wconf 79' lang='grc' dir='ltr'>πολλῷ</span> 
     </span>
     <span class='ocr_line' id='line_1_6' title="bbox 220 688 1169 778; baseline -0.002 -22"><span class='ocrx_word' id='word_1_32' title='bbox 220 691 273 756; x_wconf 87' lang='grc' dir='ltr'>καὶ</span> <span class='ocrx_word' id='word_1_33' title='bbox 295 695 503 759; x_wconf 78' lang='grc' dir='ltr'>κατασκευαῖς</span> <span class='ocrx_word' id='word_1_34' title='bbox 525 689 634 756; x_wconf 73' lang='grc' dir='ltr'>ὅπλων</span> <span class='ocrx_word' id='word_1_35' title='bbox 654 690 709 756; x_wconf 85' lang='grc' dir='ltr'>καὶ</span> <span class='ocrx_word' id='word_1_36' title='bbox 730 689 836 778; x_wconf 81' lang='grc' dir='ltr'>χώρας</span> <span class='ocrx_word' id='word_1_37' title='bbox 858 689 911 754; x_wconf 82' lang='grc' dir='ltr'>καὶ</span> <span class='ocrx_word' id='word_1_38' title='bbox 932 688 1108 774; x_wconf 86' lang='grc' dir='ltr'>προσόδων,</span> <span class='ocrx_word' id='word_1_39' title='bbox 1127 689 1169 755; x_wconf 78' lang='grc' dir='ltr'>αἳ</span> 
     </span>
     <span class='ocr_line' id='line_1_7' title="bbox 170 788 1244 880; baseline -0.003 -18"><span class='ocrx_word' id='word_1_40' title='bbox 170 825 207 880; x_wconf 89' lang='lat'>90</span> <span class='ocrx_word' id='word_1_41' title='bbox 219 793 388 875; x_wconf 81' lang='grc' dir='ltr'>γεγόνασιν</span> <span class='ocrx_word' id='word_1_42' title='bbox 399 792 504 878; x_wconf 82' lang='grc' dir='ltr'>ἐκείνῳ</span> <span class='ocrx_word' id='word_1_43' title='bbox 515 791 664 874; x_wconf 83' lang='grc' dir='ltr'>μεγάλαι.</span> <span class='ocrx_word' id='word_1_44' title='bbox 706 791 856 874; x_wconf 83' lang='grc' dir='ltr'>γεγόνασι</span> <span class='ocrx_word' id='word_1_45' title='bbox 871 790 905 855; x_wconf 85' lang='grc' dir='ltr'>δὲ</span> <span class='ocrx_word' id='word_1_46' title='bbox 919 791 972 856; x_wconf 88' lang='grc' dir='ltr'>καὶ</span> <span class='ocrx_word' id='word_1_47' title='bbox 983 788 1058 870; x_wconf 82' lang='grc' dir='ltr'>ἡμῖν</span> <span class='ocrx_word' id='word_1_48' title='bbox 1069 814 1161 858; x_wconf 78' lang='grc' dir='ltr'>τινες.</span> <span class='ocrx_word' id='word_1_49' title='bbox 1180 819 1244 860; x_wconf 88' lang='lat'>102</span> 
     </span>
     <span class='ocr_line' id='line_1_8' title="bbox 219 893 1163 980; baseline -0.002 -22"><span class='ocrx_word' id='word_1_50' title='bbox 219 895 239 974; x_wconf 82' lang='grc' dir='ltr'><em>ἡ</em></span> <span class='ocrx_word' id='word_1_51' title='bbox 255 893 289 959; x_wconf 87' lang='grc' dir='ltr'>δέ</span> <span class='ocrx_word' id='word_1_52' title='bbox 301 920 339 976; x_wconf 84' lang='grc' dir='ltr'>γε</span> <span class='ocrx_word' id='word_1_53' title='bbox 352 898 415 960; x_wconf 80' lang='grc' dir='ltr'>τῶν</span> <span class='ocrx_word' id='word_1_54' title='bbox 428 894 627 978; x_wconf 82' lang='grc' dir='ltr'>πραγμάτων</span> <span class='ocrx_word' id='word_1_55' title='bbox 638 894 816 975; x_wconf 80' lang='grc' dir='ltr'>κατασκευὴ</span> <span class='ocrx_word' id='word_1_56' title='bbox 828 895 881 959; x_wconf 77' lang='grc' dir='ltr'>καὶ</span> <span class='ocrx_word' id='word_1_57' title='bbox 895 896 957 978; x_wconf 78' lang='grc' dir='ltr'>τῶν</span> <span class='ocrx_word' id='word_1_58' title='bbox 971 893 1163 980; x_wconf 84' lang='grc' dir='ltr'>συμμάχων,</span> 
     </span>
     <span class='ocr_line' id='line_1_9' title="bbox 219 993 1163 1079; baseline 0 -19"><span class='ocrx_word' id='word_1_59' title='bbox 219 995 259 1060; x_wconf 88' lang='grc' dir='ltr'>δι’</span> <span class='ocrx_word' id='word_1_60' title='bbox 280 993 319 1075; x_wconf 84' lang='grc' dir='ltr'>ἣν</span> <span class='ocrx_word' id='word_1_61' title='bbox 339 994 358 1075; x_wconf 81' lang='grc' dir='ltr'>ἢ</span> <span class='ocrx_word' id='word_1_62' title='bbox 381 994 485 1064; x_wconf 78' lang='grc' dir='ltr'>αὐτοῖς</span> <span class='ocrx_word' id='word_1_63' title='bbox 506 993 525 1076; x_wconf 81' lang='grc' dir='ltr'>ἢ</span> <span class='ocrx_word' id='word_1_64' title='bbox 548 999 613 1065; x_wconf 79' lang='grc' dir='ltr'>τοῖς</span> <span class='ocrx_word' id='word_1_65' title='bbox 634 997 793 1079; x_wconf 81' lang='grc' dir='ltr'>κρείττοσι</span> <span class='ocrx_word' id='word_1_66' title='bbox 822 993 948 1076; x_wconf 79' lang='grc' dir='ltr'>τάγαθὰ</span> <span class='ocrx_word' id='word_1_67' title='bbox 969 994 1085 1064; x_wconf 83' lang='grc' dir='ltr'>πάντες</span> <span class='ocrx_word' id='word_1_68' title='bbox 1110 995 1163 1060; x_wconf 84' lang='grc' dir='ltr'>κε’-</span> 
     </span>
     <span class='ocr_line' id='line_1_10' title="bbox 219 1095 1163 1183; baseline 0.002 -21"><span class='ocrx_word' id='word_1_69' title='bbox 219 1123 361 1175; x_wconf 88' lang='grc' dir='ltr'>κτηνται,</span> <span class='ocrx_word' id='word_1_70' title='bbox 376 1095 396 1177; x_wconf 82' lang='grc' dir='ltr'>ἡ</span> <span class='ocrx_word' id='word_1_71' title='bbox 407 1097 468 1178; x_wconf 87' lang='grc' dir='ltr'>μὲν</span> <span class='ocrx_word' id='word_1_72' title='bbox 480 1095 615 1182; x_wconf 82' lang='grc' dir='ltr'>ἡμετέρα</span> <span class='ocrx_word' id='word_1_73' title='bbox 629 1098 789 1183; x_wconf 84' lang='grc' dir='ltr'>προθεῖσα</span> <span class='ocrx_word' id='word_1_74' title='bbox 803 1097 865 1165; x_wconf 80' lang='grc' dir='ltr'>ὑπὸ</span> <span class='ocrx_word' id='word_1_75' title='bbox 878 1098 996 1163; x_wconf 86' lang='grc' dir='ltr'>τούτων</span> <span class='ocrx_word' id='word_1_76' title='bbox 1007 1097 1163 1164; x_wconf 81' lang='grc' dir='ltr'>ἀπόλωλε</span> 
     </span>
     <span class='ocr_line' id='line_1_11' title="bbox 218 1197 1162 1286; baseline 0.002 -23"><span class='ocrx_word' id='word_1_77' title='bbox 218 1197 272 1263; x_wconf 78' lang='grc' dir='ltr'>καὶ</span> <span class='ocrx_word' id='word_1_78' title='bbox 292 1199 418 1279; x_wconf 80' lang='grc' dir='ltr'>γέγονεν</span> <span class='ocrx_word' id='word_1_79' title='bbox 439 1198 581 1279; x_wconf 76' lang='grc' dir='ltr'>ἀσθενής,</span> <span class='ocrx_word' id='word_1_80' title='bbox 604 1198 624 1280; x_wconf 80' lang='grc' dir='ltr'><em>ἡ</em></span> <span class='ocrx_word' id='word_1_81' title='bbox 645 1198 671 1263; x_wconf 88' lang='grc' dir='ltr'>δ’</span> <span class='ocrx_word' id='word_1_82' title='bbox 691 1199 807 1285; x_wconf 82' lang='grc' dir='ltr'>ἐκείνου</span> <span class='ocrx_word' id='word_1_83' title='bbox 830 1200 957 1286; x_wconf 81' lang='grc' dir='ltr'>φοβερὰ</span> <span class='ocrx_word' id='word_1_84' title='bbox 975 1200 1029 1265; x_wconf 88' lang='grc' dir='ltr'>καὶ</span> <span class='ocrx_word' id='word_1_85' title='bbox 1046 1203 1162 1281; x_wconf 83' lang='grc' dir='ltr'>μείζων</span> 
     </span>
     <span class='ocr_line' id='line_1_12' title="bbox 168 1299 1162 1389; baseline 0.01 -30"><span class='ocrx_word' id='word_1_86' title='bbox 168 1321 203 1376; x_wconf 90' lang='lat'>91</span> <span class='ocrx_word' id='word_1_87' title='bbox 219 1304 340 1386; x_wconf 77' lang='grc' dir='ltr'>πολλῷ.</span> <span class='ocrx_word' id='word_1_88' title='bbox 384 1299 419 1366; x_wconf 77' lang='grc' dir='ltr'>οὗ</span> <span class='ocrx_word' id='word_1_89' title='bbox 440 1300 477 1381; x_wconf 81' lang='grc' dir='ltr'>δὴ</span> <span class='ocrx_word' id='word_1_90' title='bbox 496 1300 614 1366; x_wconf 80' lang='grc' dir='ltr'>δίκαιον</span> <span class='ocrx_word' id='word_1_91' title='bbox 634 1300 739 1388; x_wconf 78' lang='grc' dir='ltr'>ἐκείνῳ</span> <span class='ocrx_word' id='word_1_92' title='bbox 751 1301 809 1384; x_wconf 84' lang='grc' dir='ltr'>μὲν</span> <span class='ocrx_word' id='word_1_93' title='bbox 829 1302 979 1389; x_wconf 78' lang='grc' dir='ltr'>ἀμφότερ’</span> <span class='ocrx_word' id='word_1_94' title='bbox 1000 1302 1162 1386; x_wconf 79' lang='grc' dir='ltr'>ηὐξῆσθαι</span> 
     </span>
    </p>
   </div>
   <div class='ocr_carea' id='block_1_3' title="bbox 216 1479 1165 2056">
    <p class='ocr_par' dir='ltr' id='par_1_3' title="bbox 218 1479 1165 1852">
     <span class='ocr_line' id='line_1_13' title="bbox 219 1479 1157 1544; baseline 0.001 -13"><span class='ocrx_word' id='word_1_95' title='bbox 219 1482 290 1544; x_wconf 82' lang='lat' dir='ltr'>eujus</span> <span class='ocrx_word' id='word_1_96' title='bbox 312 1483 429 1544; x_wconf 88' lang='lat' dir='ltr'>proprius</span> <span class='ocrx_word' id='word_1_97' title='bbox 451 1484 490 1530; x_wconf 86' lang='lat' dir='ltr'>est</span> <span class='ocrx_word' id='word_1_98' title='bbox 507 1495 570 1529; x_wconf 85' lang='lat' dir='ltr'>usus</span> <span class='ocrx_word' id='word_1_99' title='bbox 591 1481 624 1530; x_wconf 76' lang='lat' dir='ltr'>ad</span> <span class='ocrx_word' id='word_1_100' title='bbox 642 1481 811 1530; x_wconf 73' lang='lat' dir='ltr'>confutandas</span> <span class='ocrx_word' id='word_1_101' title='bbox 831 1479 969 1529; x_wconf 77' lang='lat' dir='ltr'>adversarii</span> <span class='ocrx_word' id='word_1_102' title='bbox 991 1479 1157 1542; x_wconf 71' lang='lat' dir='ltr'>objeetioneS.</span> 
     </span>
     <span class='ocr_line' id='line_1_14' title="bbox 218 1544 1160 1608; baseline 0.001 -14"><span class='ocrx_word' id='word_1_103' title='bbox 218 1546 249 1595; x_wconf 90' lang='lat' dir='ltr'>V.</span> <span class='ocrx_word' id='word_1_104' title='bbox 271 1561 297 1607; x_wconf 76' lang='lat' dir='ltr'>p,</span> <span class='ocrx_word' id='word_1_105' title='bbox 321 1547 392 1602; x_wconf 89' lang='grc'>1060,</span> <span class='ocrx_word' id='word_1_106' title='bbox 415 1549 439 1604; x_wconf 84' lang='grc'>3,</span> <span class='ocrx_word' id='word_1_107' title='bbox 460 1548 499 1594; x_wconf 93' lang='grc'>10.</span> <span class='ocrx_word' id='word_1_108' title='bbox 518 1545 590 1608; x_wconf 86' lang='lat' dir='ltr'>[Add.</span> <span class='ocrx_word' id='word_1_109' title='bbox 615 1544 678 1596; x_wconf 88' lang='lat' dir='ltr'>Mid.</span> <span class='ocrx_word' id='word_1_110' title='bbox 700 1561 726 1606; x_wconf 90' lang='lat' dir='ltr'>p.</span> <span class='ocrx_word' id='word_1_111' title='bbox 749 1547 796 1594; x_wconf 83' lang='grc'>580</span> <span class='ocrx_word' id='word_1_112' title='bbox 819 1548 833 1604; x_wconf 65' lang='lat'>5</span> <span class='ocrx_word' id='word_1_113' title='bbox 856 1545 924 1607; x_wconf 67' lang='lat' dir='ltr'>nod]</span> <span class='ocrx_word' id='word_1_114' title='bbox 958 1544 1007 1594; x_wconf 80' lang='lat' dir='ltr'>Sed</span> <span class='ocrx_word' id='word_1_115' title='bbox 1025 1545 1160 1605; x_wconf 76' lang='lat' dir='ltr'>vulgatam</span> 
     </span>
     <span class='ocr_line' id='line_1_15' title="bbox 219 1609 1160 1670; baseline 0.003 -12"><span class='ocrx_word' id='word_1_116' title='bbox 219 1613 319 1659; x_wconf 80' lang='lat' dir='ltr'>tentare</span> <span class='ocrx_word' id='word_1_117' title='bbox 346 1610 450 1658; x_wconf 85' lang='lat' dir='ltr'>nolim.”</span> <span class='ocrx_word' id='word_1_118' title='bbox 487 1609 597 1658; x_wconf 70' lang='lat' dir='ltr'>sensns.</span> <span class='ocrx_word' id='word_1_119' title='bbox 640 1610 714 1670; x_wconf 81' lang='lat' dir='ltr'>Vulg.</span> <span class='ocrx_word' id='word_1_120' title='bbox 742 1612 803 1658; x_wconf 79' lang='lat' dir='ltr'>ente</span> <span class='ocrx_word' id='word_1_121' title='bbox 824 1609 908 1656; x_wconf 73' lang='lat' dir='ltr'>Bm.</span> <span class='ocrx_word' id='word_1_122' title='bbox 932 1610 972 1657; x_wconf 77' lang='grc' dir='ltr'>καὶ</span> <span class='ocrx_word' id='word_1_123' title='bbox 999 1613 1160 1661; x_wconf 69' lang='grc' dir='ltr'>κατασκευαῖς</span> 
     </span>
     <span class='ocr_line' id='line_1_16' title="bbox 218 1673 1165 1736; baseline 0.002 -14"><span class='ocrx_word' id='word_1_124' title='bbox 218 1677 299 1723; x_wconf 82' lang='grc' dir='ltr'>ὅπλων</span> <span class='ocrx_word' id='word_1_125' title='bbox 310 1677 348 1723; x_wconf 70' lang='grc' dir='ltr'>καὶ</span> <span class='ocrx_word' id='word_1_126' title='bbox 360 1677 447 1736; x_wconf 81' lang='grc' dir='ltr'>χώραις</span> <span class='ocrx_word' id='word_1_127' title='bbox 463 1676 501 1722; x_wconf 81' lang='grc' dir='ltr'>καὶ</span> <span class='ocrx_word' id='word_1_128' title='bbox 519 1675 650 1735; x_wconf 83' lang='grc' dir='ltr'>προσόδοις.</span> <span class='ocrx_word' id='word_1_129' title='bbox 668 1677 708 1722; x_wconf 75' lang='grc' dir='ltr'>καὶ</span> <span class='ocrx_word' id='word_1_130' title='bbox 719 1676 779 1721; x_wconf 78' lang='lat' dir='ltr'>ante</span> <span class='ocrx_word' id='word_1_131' title='bbox 796 1691 896 1722; x_wconf 86' lang='grc' dir='ltr'>κατασκ.</span> <span class='ocrx_word' id='word_1_132' title='bbox 916 1673 1041 1720; x_wconf 77' lang='lat' dir='ltr'>omissum</span> <span class='ocrx_word' id='word_1_133' title='bbox 1056 1675 1165 1728; x_wconf 75' lang='lat' dir='ltr'>mavult,</span> 
     </span>
     <span class='ocr_line' id='line_1_17' title="bbox 220 1736 1158 1798; baseline 0.002 -10"><span class='ocrx_word' id='word_1_134' title='bbox 220 1739 330 1788; x_wconf 76' lang='lat' dir='ltr'>Seme.</span> <span class='ocrx_word' id='word_1_135' title='bbox 364 1739 430 1788; x_wconf 81' lang='lat' dir='ltr'>Sene</span> <span class='ocrx_word' id='word_1_136' title='bbox 448 1737 616 1786; x_wconf 79' lang='lat' dir='ltr'>offensionem</span> <span class='ocrx_word' id='word_1_137' title='bbox 636 1737 766 1798; x_wconf 82' lang='lat' dir='ltr'>quendem</span> <span class='ocrx_word' id='word_1_138' title='bbox 781 1737 874 1786; x_wconf 80' lang='lat' dir='ltr'>habere</span> <span class='ocrx_word' id='word_1_139' title='bbox 892 1736 1000 1787; x_wconf 81' lang='lat' dir='ltr'>videtur.</span> <span class='ocrx_word' id='word_1_140' title='bbox 1035 1737 1086 1788; x_wconf 83' lang='lat' dir='ltr'>Sed</span> <span class='ocrx_word' id='word_1_141' title='bbox 1103 1738 1158 1790; x_wconf 80' lang='lat' dir='ltr'>vid.</span> 
     </span>
     <span class='ocr_line' id='line_1_18' title="bbox 222 1804 277 1852; baseline 0.036 -2"><span class='ocrx_word' id='word_1_142' title='bbox 222 1804 277 1852; x_wconf 85' lang='lat' dir='ltr'>not.</span> 
     </span>
    </p>

    <p class='ocr_par' dir='ltr' id='par_1_4' title="bbox 216 1864 1159 2056">
     <span class='ocr_line' id='line_1_19' title="bbox 266 1864 1156 1930; baseline 0.006 -17"><span class='ocrx_word' id='word_1_143' title='bbox 266 1869 278 1926; x_wconf 66' lang='grc' dir='ltr'><strong>ξ</strong></span> <span class='ocrx_word' id='word_1_144' title='bbox 296 1867 351 1913; x_wconf 80' lang='grc'>109.</span> <span class='ocrx_word' id='word_1_145' title='bbox 384 1864 402 1914; x_wconf 79' lang='grc' dir='ltr'>οἳ</span> <span class='ocrx_word' id='word_1_146' title='bbox 419 1867 439 1914; x_wconf 81' lang='grc' dir='ltr'>δ’</span> <span class='ocrx_word' id='word_1_147' title='bbox 451 1867 504 1924; x_wconf 81' lang='grc' dir='ltr'>ὑμῖν</span> <span class='ocrx_word' id='word_1_148' title='bbox 514 1867 608 1914; x_wconf 76' lang='grc' dir='ltr'>δικαίως</span> <span class='ocrx_word' id='word_1_149' title='bbox 619 1865 645 1914; x_wconf 80' lang='lat' dir='ltr'>S.</span> <span class='ocrx_word' id='word_1_150' title='bbox 656 1865 687 1913; x_wconf 90' lang='lat' dir='ltr'>Y.</span> <span class='ocrx_word' id='word_1_151' title='bbox 699 1865 748 1913; x_wconf 84' lang='lat' dir='ltr'>En.</span> <span class='ocrx_word' id='word_1_152' title='bbox 766 1865 856 1914; x_wconf 67' lang='lat' dir='ltr'>numo.</span> <span class='ocrx_word' id='word_1_153' title='bbox 867 1865 948 1914; x_wconf 81' lang='lat' dir='ltr'>Dmn.</span> <span class='ocrx_word' id='word_1_154' title='bbox 982 1866 999 1914; x_wconf 75' lang='lat' dir='ltr'>d</span> <span class='ocrx_word' id='word_1_155' title='bbox 1015 1867 1035 1914; x_wconf 77' lang='grc' dir='ltr'>δ’</span> <span class='ocrx_word' id='word_1_156' title='bbox 1046 1865 1104 1925; x_wconf 72' lang='grc' dir='ltr'>ἡμῖν</span> <span class='ocrx_word' id='word_1_157' title='bbox 1113 1885 1156 1930; x_wconf 86' lang='grc' dir='ltr'>γρ.</span> 
     </span>
     <span class='ocr_line' id='line_1_20' title="bbox 216 1928 1159 1989; baseline 0.001 -10"><span class='ocrx_word' id='word_1_158' title='bbox 216 1929 246 1978; x_wconf 74' lang='grc' dir='ltr'>Ρ.</span> <span class='ocrx_word' id='word_1_159' title='bbox 256 1931 287 1979; x_wconf 93' lang='grc' dir='ltr'>Β.</span> <span class='ocrx_word' id='word_1_160' title='bbox 296 1931 382 1980; x_wconf 79' lang='lat' dir='ltr'>vonn.</span> <span class='ocrx_word' id='word_1_161' title='bbox 394 1931 478 1978; x_wconf 77' lang='lat' dir='ltr'>Bm.</span> <span class='ocrx_word' id='word_1_162' title='bbox 491 1933 521 1979; x_wconf 88' lang='lat' dir='ltr'>st.</span> <span class='ocrx_word' id='word_1_163' title='bbox 558 1932 611 1988; x_wconf 81' lang='grc' dir='ltr'>ὑμῖν</span> <span class='ocrx_word' id='word_1_164' title='bbox 622 1934 641 1979; x_wconf 83' lang='grc' dir='ltr'>δ’</span> <span class='ocrx_word' id='word_1_165' title='bbox 654 1931 683 1979; x_wconf 77' lang='lat' dir='ltr'>dv</span> <span class='ocrx_word' id='word_1_166' title='bbox 693 1930 718 1978; x_wconf 92' lang='lat' dir='ltr'>k.</span> <span class='ocrx_word' id='word_1_167' title='bbox 730 1945 751 1978; x_wconf 91' lang='lat' dir='ltr'>r.</span> <span class='ocrx_word' id='word_1_168' title='bbox 765 1944 783 1979; x_wconf 95' lang='lat' dir='ltr'>s.</span> <span class='ocrx_word' id='word_1_169' title='bbox 799 1934 841 1989; x_wconf 61' lang='grc' dir='ltr'>μό.</span> <span class='ocrx_word' id='word_1_170' title='bbox 853 1928 893 1978; x_wconf 61' lang='grc' dir='ltr'>ΑΙ.</span> <span class='ocrx_word' id='word_1_171' title='bbox 905 1928 945 1979; x_wconf 58' lang='grc' dir='ltr'>Α’Ᾰ.</span> <span class='ocrx_word' id='word_1_172' title='bbox 976 1930 1096 1978; x_wconf 81' lang='lat' dir='ltr'>Ceterum</span> <span class='ocrx_word' id='word_1_173' title='bbox 1107 1932 1159 1980; x_wconf 84' lang='lat' dir='ltr'>eol·</span> 
     </span>
     <span class='ocr_line' id='line_1_21' title="bbox 216 1993 1158 2056; baseline 0.001 -12"><span class='ocrx_word' id='word_1_174' title='bbox 216 1993 309 2044; x_wconf 87' lang='lat' dir='ltr'>loeetio</span> <span class='ocrx_word' id='word_1_175' title='bbox 316 2009 392 2056; x_wconf 85' lang='lat' dir='ltr'>quem</span> <span class='ocrx_word' id='word_1_176' title='bbox 400 1994 504 2056; x_wconf 82' lang='lat' dir='ltr'>praebet</span> <span class='ocrx_word' id='word_1_177' title='bbox 512 1993 579 2055; x_wconf 83' lang='lat' dir='ltr'>vulg.</span> <span class='ocrx_word' id='word_1_178' title='bbox 590 1995 672 2043; x_wconf 90' lang='lat' dir='ltr'>multo</span> <span class='ocrx_word' id='word_1_179' title='bbox 680 1994 778 2042; x_wconf 76' lang='lat' dir='ltr'>sontior.</span> <span class='ocrx_word' id='word_1_180' title='bbox 786 1993 847 2042; x_wconf 84' lang='lat' dir='ltr'>Mox</span> <span class='ocrx_word' id='word_1_181' title='bbox 853 1996 916 2043; x_wconf 78' lang='grc' dir='ltr'>νότοι</span> <span class='ocrx_word' id='word_1_182' title='bbox 922 1993 1005 2055; x_wconf 80' lang='lat' dir='ltr'>vulgo.</span> <span class='ocrx_word' id='word_1_183' title='bbox 1019 1993 1087 2044; x_wconf 77' lang='lat' dir='ltr'>adrat</span> <span class='ocrx_word' id='word_1_184' title='bbox 1096 1993 1158 2046; x_wconf 65' lang='grc' dir='ltr'>ΒΧ.</span> 
     </span>
    </p>
   </div>
   <div class='ocr_carea' id='block_1_4' title="bbox 1309 1179 1318 2095">
    <p class='ocr_par' dir='ltr' id='par_1_5' title="bbox 1309 1179 1318 2095">
     <span class='ocr_line' id='line_1_22' title="bbox 1309 1179 1318 2095; baseline 0 0"><span class='ocrx_word' id='word_1_185' title='bbox 1309 1179 1318 2095; x_wconf 95' lang='lat' dir='ltr'> </span> 
     </span>
    </p>
   </div>
   <div class='ocr_carea' id='block_1_5' title="bbox 211 2161 1161 3770">
    <p class='ocr_par' dir='ltr' id='par_1_6' title="bbox 215 2161 1161 2612">
     <span class='ocr_line' id='line_1_23' title="bbox 216 2161 1159 2226; baseline -0.002 -12"><span class='ocrx_word' id='word_1_186' title='bbox 216 2177 258 2214; x_wconf 86' lang='lat' dir='ltr'>see</span> <span class='ocrx_word' id='word_1_187' title='bbox 264 2163 326 2214; x_wconf 90' lang='lat' dir='ltr'>Mid</span> <span class='ocrx_word' id='word_1_188' title='bbox 336 2178 360 2225; x_wconf 89' lang='lat' dir='ltr'>p.</span> <span class='ocrx_word' id='word_1_189' title='bbox 381 2163 605 2224; x_wconf 66' lang='grc' dir='ltr'>5765191νιθόν</span> <span class='ocrx_word' id='word_1_190' title='bbox 621 2164 660 2210; x_wconf 76' lang='grc' dir='ltr'>καὶ</span> <span class='ocrx_word' id='word_1_191' title='bbox 708 2161 831 2211; x_wconf 81' lang='lat' dir='ltr'>nationis</span> <span class='ocrx_word' id='word_1_192' title='bbox 840 2170 878 2212; x_wconf 81' lang='lat' dir='ltr'>too</span> <span class='ocrx_word' id='word_1_193' title='bbox 890 2162 1043 2226; x_wconf 82' lang='lat' dir='ltr'>ingenious).</span> <span class='ocrx_word' id='word_1_194' title='bbox 1071 2177 1113 2212; x_wconf 88' lang='lat'>111.</span> <span class='ocrx_word' id='word_1_195' title='bbox 1127 2165 1159 2212; x_wconf 92' lang='lat'>11</span> 
     </span>
     <span class='ocr_line' id='line_1_24' title="bbox 216 2227 1161 2292; baseline -0.001 -13"><span class='ocrx_word' id='word_1_196' title='bbox 216 2229 327 2290; x_wconf 81' lang='grc' dir='ltr'>πάσχων,</span> <span class='ocrx_word' id='word_1_197' title='bbox 339 2229 404 2276; x_wconf 79' lang='lat' dir='ltr'>Plat.</span> <span class='ocrx_word' id='word_1_198' title='bbox 416 2241 451 2277; x_wconf 70' lang='lat' dir='ltr'>VI.</span> <span class='ocrx_word' id='word_1_199' title='bbox 462 2227 568 2288; x_wconf 87' lang='lat' dir='ltr'>Republ.</span> <span class='ocrx_word' id='word_1_200' title='bbox 584 2227 660 2277; x_wconf 80' lang='lat'>4960</span> <span class='ocrx_word' id='word_1_201' title='bbox 710 2230 758 2276; x_wconf 79' lang='grc' dir='ltr'>καὶ</span> <span class='ocrx_word' id='word_1_202' title='bbox 768 2229 831 2292; x_wconf 76' lang='grc' dir='ltr'>πρὸς</span> <span class='ocrx_word' id='word_1_203' title='bbox 841 2228 870 2275; x_wconf 78' lang='grc' dir='ltr'>τό</span> <span class='ocrx_word' id='word_1_204' title='bbox 880 2231 964 2276; x_wconf 77' lang='grc' dir='ltr'>πλεῖον</span> <span class='ocrx_word' id='word_1_205' title='bbox 976 2228 1023 2288; x_wconf 67' lang='grc' dir='ltr'>ἤδη</span> <span class='ocrx_word' id='word_1_206' title='bbox 1038 2229 1101 2276; x_wconf 74' lang='grc' dir='ltr'>εἶκον</span> <span class='ocrx_word' id='word_1_207' title='bbox 1114 2229 1161 2278; x_wconf 78' lang='grc' dir='ltr'>τοῦ</span> 
     </span>
     <span class='ocr_line' id='line_1_25' title="bbox 215 2291 1161 2355; baseline -0.002 -11"><span class='ocrx_word' id='word_1_208' title='bbox 215 2291 658 2355; x_wconf 66' lang='grc' dir='ltr'>οὶγευόμενοικαὶγευσάμενοηΡΙιΗοό.</span> <span class='ocrx_word' id='word_1_209' title='bbox 710 2293 826 2353; x_wconf 79' lang='grc' dir='ltr'>ἡμετέρου</span> <span class='ocrx_word' id='word_1_210' title='bbox 842 2294 879 2340; x_wconf 80' lang='grc' dir='ltr'>ἔτι</span> <span class='ocrx_word' id='word_1_211' title='bbox 899 2294 970 2349; x_wconf 87' lang='grc' dir='ltr'>μόνου</span> <span class='ocrx_word' id='word_1_212' title='bbox 992 2295 1161 2350; x_wconf 78' lang='grc' dir='ltr'>ἀντισουμένου</span> 
     </span>
     <span class='ocr_line' id='line_1_26' title="bbox 216 2354 1160 2422; baseline 0 -16"><span class='ocrx_word' id='word_1_213' title='bbox 216 2360 246 2406; x_wconf 82' lang='grc'>12</span> <span class='ocrx_word' id='word_1_214' title='bbox 275 2359 298 2406; x_wconf 82' lang='grc' dir='ltr'><strong>Α</strong></span> <span class='ocrx_word' id='word_1_215' title='bbox 325 2361 388 2407; x_wconf 82' lang='grc' dir='ltr'>δοκεῖ</span> <span class='ocrx_word' id='word_1_216' title='bbox 414 2361 452 2405; x_wconf 76' lang='grc' dir='ltr'>καὶ</span> <span class='ocrx_word' id='word_1_217' title='bbox 481 2360 541 2416; x_wconf 78' lang='grc' dir='ltr'>όόξει</span> <span class='ocrx_word' id='word_1_218' title='bbox 569 2357 661 2417; x_wconf 77' lang='lat' dir='ltr'>(where</span> <span class='ocrx_word' id='word_1_219' title='bbox 712 2357 809 2422; x_wconf 79' lang='lat' dir='ltr'>(unless</span> <span class='ocrx_word' id='word_1_220' title='bbox 833 2358 862 2405; x_wconf 85' lang='grc' dir='ltr'>ὡς</span> <span class='ocrx_word' id='word_1_221' title='bbox 888 2356 911 2404; x_wconf 85' lang='lat' dir='ltr'>is</span> <span class='ocrx_word' id='word_1_222' title='bbox 933 2359 960 2404; x_wconf 87' lang='lat' dir='ltr'>to</span> <span class='ocrx_word' id='word_1_223' title='bbox 982 2354 1013 2404; x_wconf 84' lang='lat' dir='ltr'>be</span> <span class='ocrx_word' id='word_1_224' title='bbox 1034 2356 1096 2404; x_wconf 78' lang='lat' dir='ltr'>read</span> <span class='ocrx_word' id='word_1_225' title='bbox 1119 2357 1160 2406; x_wconf 80' lang='lat' dir='ltr'>for</span> 
     </span>
     <span class='ocr_line' id='line_1_27' title="bbox 215 2419 1156 2484; baseline -0.001 -11"><span class='ocrx_word' id='word_1_226' title='bbox 215 2422 304 2473; x_wconf 78' lang='lat' dir='ltr'>Stallb.</span> <span class='ocrx_word' id='word_1_227' title='bbox 315 2421 479 2484; x_wconf 72' lang='lat' dir='ltr'>insertedrs).</span> <span class='ocrx_word' id='word_1_228' title='bbox 492 2419 580 2469; x_wconf 85' lang='lat' dir='ltr'>Aeseh.</span> <span class='ocrx_word' id='word_1_229' title='bbox 591 2421 661 2481; x_wconf 84' lang='lat' dir='ltr'>Sept.</span> <span class='ocrx_word' id='word_1_230' title='bbox 712 2423 760 2469; x_wconf 77' lang='grc' dir='ltr'>καί.</span> <span class='ocrx_word' id='word_1_231' title='bbox 795 2420 841 2470; x_wconf 80' lang='lat' dir='ltr'>See</span> <span class='ocrx_word' id='word_1_232' title='bbox 858 2435 892 2468; x_wconf 86' lang='lat' dir='ltr'>on</span> <span class='ocrx_word' id='word_1_233' title='bbox 908 2420 987 2468; x_wconf 76' lang='lat' dir='ltr'>Thus.</span> <span class='ocrx_word' id='word_1_234' title='bbox 1001 2434 1018 2469; x_wconf 93' lang='lat'>1.</span> <span class='ocrx_word' id='word_1_235' title='bbox 1032 2422 1056 2476; x_wconf 80' lang='lat'>2,</span> <span class='ocrx_word' id='word_1_236' title='bbox 1069 2421 1156 2472; x_wconf 84' lang='grc' dir='ltr'>6ααα.</span> 
     </span>
     <span class='ocr_line' id='line_1_28' title="bbox 215 2485 1158 2546; baseline -0.001 -10"><span class='ocrx_word' id='word_1_237' title='bbox 215 2486 263 2535; x_wconf 76' lang='lat' dir='ltr'>Th.</span> <span class='ocrx_word' id='word_1_238' title='bbox 287 2488 348 2536; x_wconf 88' lang='lat'>1005</span> <span class='ocrx_word' id='word_1_239' title='bbox 378 2489 488 2535; x_wconf 82' lang='grc' dir='ltr'>δοκοῦντα</span> <span class='ocrx_word' id='word_1_240' title='bbox 514 2489 553 2534; x_wconf 78' lang='grc' dir='ltr'>καὶ</span> <span class='ocrx_word' id='word_1_241' title='bbox 569 2487 660 2545; x_wconf 81' lang='grc' dir='ltr'>δόξαντ’</span> <span class='ocrx_word' id='word_1_242' title='bbox 712 2485 787 2544; x_wconf 69' lang='lat' dir='ltr'>crit).</span> <span class='ocrx_word' id='word_1_243' title='bbox 820 2485 866 2533; x_wconf 80' lang='lat' dir='ltr'>See</span> <span class='ocrx_word' id='word_1_244' title='bbox 884 2485 982 2533; x_wconf 73' lang='lat' dir='ltr'>scheer.</span> <span class='ocrx_word' id='word_1_245' title='bbox 1002 2485 1060 2534; x_wconf 89' lang='lat' dir='ltr'>Ind.</span> <span class='ocrx_word' id='word_1_246' title='bbox 1080 2485 1158 2546; x_wconf 78' lang='lat' dir='ltr'>Greg.</span> 
     </span>
     <span class='ocr_line' id='line_1_29' title="bbox 215 2549 934 2612; baseline -0.001 -13"><span class='ocrx_word' id='word_1_247' title='bbox 215 2550 308 2612; x_wconf 84' lang='lat' dir='ltr'><strong>(which</strong></span> <span class='ocrx_word' id='word_1_248' title='bbox 324 2551 405 2599; x_wconf 86' lang='lat' dir='ltr'>words</span> <span class='ocrx_word' id='word_1_249' title='bbox 419 2565 488 2599; x_wconf 85' lang='lat' dir='ltr'>some</span> <span class='ocrx_word' id='word_1_250' title='bbox 501 2550 566 2598; x_wconf 81' lang='lat' dir='ltr'>heve</span> <span class='ocrx_word' id='word_1_251' title='bbox 586 2550 661 2598; x_wconf 81' lang='lat' dir='ltr'>alter·</span> <span class='ocrx_word' id='word_1_252' title='bbox 710 2549 766 2598; x_wconf 83' lang='lat' dir='ltr'>Cor.</span> <span class='ocrx_word' id='word_1_253' title='bbox 779 2564 803 2610; x_wconf 88' lang='lat' dir='ltr'>p.</span> <span class='ocrx_word' id='word_1_254' title='bbox 815 2551 870 2609; x_wconf 82' lang='grc'>985,</span> <span class='ocrx_word' id='word_1_255' title='bbox 880 2550 934 2598; x_wconf 92' lang='grc'>986.</span> 
     </span>
    </p>

    <p class='ocr_par' dir='ltr' id='par_1_7' title="bbox 211 2611 1159 3770">
     <span class='ocr_line' id='line_1_30' title="bbox 216 2611 1158 2676; baseline -0.001 -13"><span class='ocrx_word' id='word_1_256' title='bbox 216 2615 262 2665; x_wconf 85' lang='lat' dir='ltr'>ed:</span> <span class='ocrx_word' id='word_1_257' title='bbox 277 2615 324 2663; x_wconf 88' lang='lat' dir='ltr'>but</span> <span class='ocrx_word' id='word_1_258' title='bbox 340 2615 402 2676; x_wconf 85' lang='lat' dir='ltr'>they</span> <span class='ocrx_word' id='word_1_259' title='bbox 412 2615 511 2675; x_wconf 82' lang='lat' dir='ltr'>exeetly</span> <span class='ocrx_word' id='word_1_260' title='bbox 522 2629 618 2662; x_wconf 82' lang='lat' dir='ltr'>enswer</span> <span class='ocrx_word' id='word_1_261' title='bbox 634 2616 660 2661; x_wconf 92' lang='lat' dir='ltr'>to</span> <span class='ocrx_word' id='word_1_262' title='bbox 743 2615 822 2674; x_wconf 69' lang='lat'>5102.</span> <span class='ocrx_word' id='word_1_263' title='bbox 848 2613 949 2674; x_wconf 72' lang='grc' dir='ltr'>ἡδέγε]</span> <span class='ocrx_word' id='word_1_264' title='bbox 975 2611 1050 2660; x_wconf 86' lang='lat' dir='ltr'>“But</span> <span class='ocrx_word' id='word_1_265' title='bbox 1069 2616 1158 2673; x_wconf 71' lang='grc' dir='ltr'>αραιῖα,</span> 
     </span>
     <span class='ocr_line' id='line_1_31' title="bbox 213 2677 1159 2740; baseline 0 -13"><span class='ocrx_word' id='word_1_266' title='bbox 213 2679 260 2728; x_wconf 86' lang='lat' dir='ltr'>the</span> <span class='ocrx_word' id='word_1_267' title='bbox 277 2679 377 2727; x_wconf 83' lang='lat' dir='ltr'>Freneh</span> <span class='ocrx_word' id='word_1_268' title='bbox 394 2679 476 2740; x_wconf 82' lang='lat' dir='ltr'>king&#39;s</span> <span class='ocrx_word' id='word_1_269' title='bbox 498 2677 662 2726; x_wconf 85' lang='lat' dir='ltr'>ordinenees:</span> <span class='ocrx_word' id='word_1_270' title='bbox 711 2677 1007 2739; x_wconf 75' lang='lat' dir='ltr'>butonthecoetrary.”</span> <span class='ocrx_word' id='word_1_271' title='bbox 1037 2677 1159 2727; x_wconf 83' lang='lat' dir='ltr'>Thisuse</span> 
     </span>
     <span class='ocr_line' id='line_1_32' title="bbox 214 2739 1158 2803; baseline -0.002 -11"><span class='ocrx_word' id='word_1_272' title='bbox 214 2745 483 2792; x_wconf 77' lang='grc' dir='ltr'>Νοιιοαυοαςοτιῐοκαό</span> <span class='ocrx_word' id='word_1_273' title='bbox 490 2743 659 2791; x_wconf 77' lang='grc' dir='ltr'>ιόοτάοκτιοαι</span> <span class='ocrx_word' id='word_1_274' title='bbox 711 2743 737 2790; x_wconf 82' lang='lat' dir='ltr'>ol</span> <span class='ocrx_word' id='word_1_275' title='bbox 749 2745 774 2791; x_wconf 83' lang='grc' dir='ltr'>δέ</span> <span class='ocrx_word' id='word_1_276' title='bbox 788 2759 818 2801; x_wconf 84' lang='grc' dir='ltr'>γε</span> <span class='ocrx_word' id='word_1_277' title='bbox 837 2756 865 2788; x_wconf 85' lang='lat' dir='ltr'>or</span> <span class='ocrx_word' id='word_1_278' title='bbox 880 2745 968 2803; x_wconf 82' lang='grc' dir='ltr'>δὲ,..γε</span> <span class='ocrx_word' id='word_1_279' title='bbox 984 2739 1013 2788; x_wconf 86' lang='lat' dir='ltr'>in</span> <span class='ocrx_word' id='word_1_280' title='bbox 1027 2745 1158 2790; x_wconf 82' lang='lat' dir='ltr'>continua·</span> 
     </span>
     <span class='ocr_line' id='line_1_33' title="bbox 214 2801 1159 2870; baseline -0.002 -14"><span class='ocrx_word' id='word_1_281' title='bbox 214 2823 242 2856; x_wconf 83' lang='lat' dir='ltr'>ce</span> <span class='ocrx_word' id='word_1_282' title='bbox 260 2809 303 2868; x_wconf 81' lang='grc' dir='ltr'>ηαι·</span> <span class='ocrx_word' id='word_1_283' title='bbox 320 2806 391 2870; x_wconf 76' lang='lat' dir='ltr'>suit).</span> <span class='ocrx_word' id='word_1_284' title='bbox 419 2807 444 2854; x_wconf 85' lang='lat' dir='ltr'>Il</span> <span class='ocrx_word' id='word_1_285' title='bbox 463 2809 503 2855; x_wconf 77' lang='grc' dir='ltr'>καὶ</span> <span class='ocrx_word' id='word_1_286' title='bbox 516 2805 600 2854; x_wconf 79' lang='lat' dir='ltr'><strong>before</strong></span> <span class='ocrx_word' id='word_1_287' title='bbox 618 2825 660 2854; x_wconf 84' lang='grc' dir='ltr'>κα·</span> <span class='ocrx_word' id='word_1_288' title='bbox 711 2809 764 2855; x_wconf 76' lang='lat' dir='ltr'>tion</span> <span class='ocrx_word' id='word_1_289' title='bbox 775 2821 804 2853; x_wconf 85' lang='lat' dir='ltr'>or</span> <span class='ocrx_word' id='word_1_290' title='bbox 814 2813 899 2865; x_wconf 81' lang='lat' dir='ltr'>retort,</span> <span class='ocrx_word' id='word_1_291' title='bbox 916 2805 939 2854; x_wconf 82' lang='lat' dir='ltr'>is</span> <span class='ocrx_word' id='word_1_292' title='bbox 956 2819 984 2853; x_wconf 90' lang='lat' dir='ltr'>so</span> <span class='ocrx_word' id='word_1_293' title='bbox 1001 2801 1118 2865; x_wconf 69' lang='lat' dir='ltr'>frequent</span> <span class='ocrx_word' id='word_1_294' title='bbox 1129 2806 1159 2854; x_wconf 90' lang='lat' dir='ltr'>in</span> 
     </span>
     <span class='ocr_line' id='line_1_34' title="bbox 214 2867 1158 2930; baseline -0.001 -10"><span class='ocrx_word' id='word_1_295' title='bbox 214 2874 338 2920; x_wconf 84' lang='grc' dir='ltr'>τασκεναῖς</span> <span class='ocrx_word' id='word_1_296' title='bbox 364 2871 387 2918; x_wconf 87' lang='lat' dir='ltr'>is</span> <span class='ocrx_word' id='word_1_297' title='bbox 414 2873 441 2918; x_wconf 90' lang='lat' dir='ltr'>to</span> <span class='ocrx_word' id='word_1_298' title='bbox 474 2871 506 2919; x_wconf 85' lang='lat' dir='ltr'>be</span> <span class='ocrx_word' id='word_1_299' title='bbox 535 2869 660 2928; x_wconf 77' lang='lat' dir='ltr'>retained,</span> <span class='ocrx_word' id='word_1_300' title='bbox 710 2871 755 2919; x_wconf 88' lang='lat' dir='ltr'>the</span> <span class='ocrx_word' id='word_1_301' title='bbox 775 2870 887 2930; x_wconf 87' lang='lat' dir='ltr'>Oretors‚</span> <span class='ocrx_word' id='word_1_302' title='bbox 912 2867 1010 2918; x_wconf 76' lang='lat' dir='ltr'>andin</span> <span class='ocrx_word' id='word_1_303' title='bbox 1031 2868 1158 2930; x_wconf 74' lang='lat' dir='ltr'>dialogne,</span> 
     </span>
     <span class='ocr_line' id='line_1_35' title="bbox 213 2933 1159 2998; baseline -0.002 -14"><span class='ocrx_word' id='word_1_304' title='bbox 213 2936 337 2984; x_wconf 78' lang='lat' dir='ltr'>translate</span> <span class='ocrx_word' id='word_1_305' title='bbox 361 2937 415 2996; x_wconf 82' lang='lat' dir='ltr'>(not</span> <span class='ocrx_word' id='word_1_306' title='bbox 443 2937 502 2983; x_wconf 80' lang='lat' dir='ltr'>both</span> <span class='ocrx_word' id='word_1_307' title='bbox 528 2933 584 2995; x_wconf 84' lang='lat' dir='ltr'>but)</span> <span class='ocrx_word' id='word_1_308' title='bbox 613 2949 659 2998; x_wconf 82' lang='grc' dir='ltr'>αηο</span> <span class='ocrx_word' id='word_1_309' title='bbox 711 2933 1159 2996; x_wconf 74' lang='lat' dir='ltr'>(seedrlstoph.Equit.pasrlmend</span> 
     </span>
     <span class='ocr_line' id='line_1_36' title="bbox 213 2996 1159 3060; baseline -0.002 -12"><span class='ocrx_word' id='word_1_310' title='bbox 213 3002 265 3048; x_wconf 82' lang='grc' dir='ltr'>απιό</span> <span class='ocrx_word' id='word_1_311' title='bbox 281 3002 336 3048; x_wconf 81' lang='lat' dir='ltr'>thet</span> <span class='ocrx_word' id='word_1_312' title='bbox 353 3007 400 3058; x_wconf 82' lang='lat' dir='ltr'>too,</span> <span class='ocrx_word' id='word_1_313' title='bbox 418 3013 493 3048; x_wconf 82' lang='lat' dir='ltr'>ause</span> <span class='ocrx_word' id='word_1_314' title='bbox 510 2999 537 3047; x_wconf 81' lang='lat' dir='ltr'>ol</span> <span class='ocrx_word' id='word_1_315' title='bbox 559 3001 597 3047; x_wconf 79' lang='grc' dir='ltr'>καὶ</span> <span class='ocrx_word' id='word_1_316' title='bbox 614 3001 660 3047; x_wconf 91' lang='lat' dir='ltr'>not</span> <span class='ocrx_word' id='word_1_317' title='bbox 709 3013 828 3060; x_wconf 78' lang='lat' dir='ltr'>passages</span> <span class='ocrx_word' id='word_1_318' title='bbox 856 2997 923 3047; x_wconf 85' lang='lat' dir='ltr'>cited</span> <span class='ocrx_word' id='word_1_319' title='bbox 949 2996 982 3059; x_wconf 82' lang='lat' dir='ltr'>by</span> <span class='ocrx_word' id='word_1_320' title='bbox 1001 2997 1094 3047; x_wconf 88' lang='lat' dir='ltr'>Elmsl.</span> <span class='ocrx_word' id='word_1_321' title='bbox 1122 3013 1159 3046; x_wconf 89' lang='lat' dir='ltr'>on</span> 
     </span>
     <span class='ocr_line' id='line_1_37' title="bbox 213 3061 1159 3125; baseline 0 -14"><span class='ocrx_word' id='word_1_322' title='bbox 213 3065 341 3125; x_wconf 78' lang='lat' dir='ltr'>generally</span> <span class='ocrx_word' id='word_1_323' title='bbox 366 3061 475 3111; x_wconf 85' lang='lat' dir='ltr'>notieed.</span> <span class='ocrx_word' id='word_1_324' title='bbox 518 3063 564 3113; x_wconf 84' lang='lat' dir='ltr'>See</span> <span class='ocrx_word' id='word_1_325' title='bbox 592 3063 658 3112; x_wconf 85' lang='lat' dir='ltr'>Plet.</span> <span class='ocrx_word' id='word_1_326' title='bbox 710 3063 777 3110; x_wconf 89' lang='lat' dir='ltr'>Med.</span> <span class='ocrx_word' id='word_1_327' title='bbox 794 3062 850 3118; x_wconf 82' lang='grc'>000)</span> <span class='ocrx_word' id='word_1_328' title='bbox 865 3061 1159 3111; x_wconf 81' lang='lat' dir='ltr'>thetitisremerkeble</span> 
     </span>
     <span class='ocr_line' id='line_1_38' title="bbox 212 3125 1158 3190; baseline -0.001 -14"><span class='ocrx_word' id='word_1_329' title='bbox 212 3129 274 3190; x_wconf 86' lang='lat' dir='ltr'>Rep.</span> <span class='ocrx_word' id='word_1_330' title='bbox 290 3143 328 3177; x_wconf 90' lang='lat'><em>111.</em></span> <span class='ocrx_word' id='word_1_331' title='bbox 343 3128 390 3176; x_wconf 88' lang='grc'>405</span> <span class='ocrx_word' id='word_1_332' title='bbox 406 3129 428 3175; x_wconf 92' lang='grc' dir='ltr'>Β</span> <span class='ocrx_word' id='word_1_333' title='bbox 445 3130 473 3177; x_wconf 89' lang='grc' dir='ltr'>τό</span> <span class='ocrx_word' id='word_1_334' title='bbox 490 3129 587 3188; x_wconf 74' lang='grc' dir='ltr'>ἐπακτῷ</span> <span class='ocrx_word' id='word_1_335' title='bbox 602 3127 658 3190; x_wconf 83' lang='grc' dir='ltr'>παρ’</span> <span class='ocrx_word' id='word_1_336' title='bbox 709 3126 766 3175; x_wconf 87' lang='lat' dir='ltr'>how</span> <span class='ocrx_word' id='word_1_337' title='bbox 776 3127 920 3187; x_wconf 76' lang='lat' dir='ltr'>frequently</span> <span class='ocrx_word' id='word_1_338' title='bbox 930 3125 951 3174; x_wconf 90' lang='lat' dir='ltr'>it</span> <span class='ocrx_word' id='word_1_339' title='bbox 962 3125 1009 3175; x_wconf 78' lang='lat' dir='ltr'>hes</span> <span class='ocrx_word' id='word_1_340' title='bbox 1020 3126 1084 3174; x_wconf 86' lang='lat' dir='ltr'>been</span> <span class='ocrx_word' id='word_1_341' title='bbox 1095 3126 1158 3175; x_wconf 85' lang='lat' dir='ltr'>mis·</span> 
     </span>
     <span class='ocr_line' id='line_1_39' title="bbox 215 3189 1157 3256; baseline -0.004 -14"><span class='ocrx_word' id='word_1_342' title='bbox 215 3195 361 3253; x_wconf 81' lang='grc' dir='ltr'>όλλων..,τῷ</span> <span class='ocrx_word' id='word_1_343' title='bbox 381 3194 461 3252; x_wconf 78' lang='grc' dir='ltr'>δικαίῳ</span> <span class='ocrx_word' id='word_1_344' title='bbox 483 3192 660 3256; x_wconf 70' lang='grc' dir='ltr'>ἀναγκάζεσθαι</span> <span class='ocrx_word' id='word_1_345' title='bbox 708 3190 871 3239; x_wconf 82' lang='lat' dir='ltr'>understood.</span> <span class='ocrx_word' id='word_1_346' title='bbox 904 3189 1157 3238; x_wconf 84' lang='lat' dir='ltr'>Imentiononein-</span> 
     </span>
     <span class='ocr_line' id='line_1_40' title="bbox 212 3255 1157 3319; baseline -0.003 -12"><span class='ocrx_word' id='word_1_347' title='bbox 212 3261 317 3319; x_wconf 79' lang='grc' dir='ltr'>χρῆσθαι</span> <span class='ocrx_word' id='word_1_348' title='bbox 334 3260 381 3306; x_wconf 75' lang='grc' dir='ltr'>καὶ</span> <span class='ocrx_word' id='word_1_349' title='bbox 402 3259 489 3319; x_wconf 72' lang='grc' dir='ltr'>ἀπορίᾳ</span> <span class='ocrx_word' id='word_1_350' title='bbox 506 3259 603 3316; x_wconf 73' lang='grc' dir='ltr'>οἰκείων,</span> <span class='ocrx_word' id='word_1_351' title='bbox 624 3270 657 3305; x_wconf 81' lang='grc' dir='ltr'>ιτ.</span> <span class='ocrx_word' id='word_1_352' title='bbox 710 3257 807 3304; x_wconf 73' lang='lat' dir='ltr'>stende:</span> <span class='ocrx_word' id='word_1_353' title='bbox 836 3255 900 3302; x_wconf 84' lang='lat' dir='ltr'>Eur.</span> <span class='ocrx_word' id='word_1_354' title='bbox 927 3255 975 3302; x_wconf 91' lang='lat' dir='ltr'>Ion</span> <span class='ocrx_word' id='word_1_355' title='bbox 999 3255 1069 3313; x_wconf 77' lang='lat'>1329,</span> <span class='ocrx_word' id='word_1_356' title='bbox 1092 3255 1157 3304; x_wconf 84' lang='lat'><strong>1330</strong></span> 
     </span>
     <span class='ocr_line' id='line_1_41' title="bbox 212 3318 1156 3384; baseline -0.002 -14"><span class='ocrx_word' id='word_1_357' title='bbox 212 3323 261 3371; x_wconf 81' lang='lat'>426</span> <span class='ocrx_word' id='word_1_358' title='bbox 283 3323 306 3370; x_wconf 82' lang='lat' dir='ltr'>A</span> <span class='ocrx_word' id='word_1_359' title='bbox 333 3324 490 3384; x_wconf 79' lang='grc' dir='ltr'>ἰατρευόμενοι</span> <span class='ocrx_word' id='word_1_360' title='bbox 516 3324 565 3382; x_wconf 79' lang='grc' dir='ltr'>γὰρ</span> <span class='ocrx_word' id='word_1_361' title='bbox 592 3323 659 3369; x_wconf 82' lang='grc' dir='ltr'>οὐδὲν</span> <span class='ocrx_word' id='word_1_362' title='bbox 710 3321 779 3370; x_wconf 65' lang='lat' dir='ltr'>me.</span> <span class='ocrx_word' id='word_1_363' title='bbox 795 3322 919 3382; x_wconf 81' lang='grc' dir='ltr'>προγόνοις</span> <span class='ocrx_word' id='word_1_364' title='bbox 935 3318 1054 3380; x_wconf 80' lang='grc' dir='ltr'>δάμαρτες</span> <span class='ocrx_word' id='word_1_365' title='bbox 1071 3321 1156 3376; x_wconf 85' lang='grc' dir='ltr'>δυομε·</span> 
     </span>
     <span class='ocr_line' id='line_1_42' title="bbox 212 3384 1156 3449; baseline 0 -15"><span class='ocrx_word' id='word_1_366' title='bbox 212 3388 655 3449; x_wconf 71' lang='grc' dir='ltr'>περαίνουσιν.....καὶόεόέλπίζοντες.</span> <span class='ocrx_word' id='word_1_367' title='bbox 677 3430 685 3444; x_wconf 74' lang='grc'><strong>,</strong></span> <span class='ocrx_word' id='word_1_368' title='bbox 710 3386 755 3434; x_wconf 85' lang='grc' dir='ltr'>νεῖς</span> <span class='ocrx_word' id='word_1_369' title='bbox 777 3386 813 3432; x_wconf 75' lang='lat' dir='ltr'>del</span> <span class='ocrx_word' id='word_1_370' title='bbox 842 3401 909 3432; x_wconf 87' lang='grc' dir='ltr'>ποτε.</span> <span class='ocrx_word' id='word_1_371' title='bbox 924 3385 929 3447; x_wconf 85' lang='grc' dir='ltr'>Ι</span> <span class='ocrx_word' id='word_1_372' title='bbox 942 3384 1006 3432; x_wconf 83' lang='grc' dir='ltr'><strong>ΙΩΝ.</strong></span> <span class='ocrx_word' id='word_1_373' title='bbox 1035 3384 1101 3442; x_wconf 79' lang='grc' dir='ltr'>ἡμεῖς</span> <span class='ocrx_word' id='word_1_374' title='bbox 1124 3386 1156 3434; x_wconf 75' lang='grc' dir='ltr'>δὲ</span> 
     </span>
     <span class='ocr_line' id='line_1_43' title="bbox 212 3447 1156 3512; baseline 0 -14"><span class='ocrx_word' id='word_1_375' title='bbox 212 3449 275 3498; x_wconf 85' lang='lat' dir='ltr'>Eur.</span> <span class='ocrx_word' id='word_1_376' title='bbox 287 3449 379 3500; x_wconf 80' lang='lat' dir='ltr'>Baeeh.</span> <span class='ocrx_word' id='word_1_377' title='bbox 393 3451 440 3501; x_wconf 80' lang='lat'>479</span> <span class='ocrx_word' id='word_1_378' title='bbox 452 3451 516 3498; x_wconf 84' lang='grc' dir='ltr'>τοῦτ’</span> <span class='ocrx_word' id='word_1_379' title='bbox 534 3453 564 3498; x_wconf 72' lang='grc' dir='ltr'>αὖ</span> <span class='ocrx_word' id='word_1_380' title='bbox 578 3467 657 3512; x_wconf 87' lang='grc' dir='ltr'>παριν-</span> <span class='ocrx_word' id='word_1_381' title='bbox 708 3450 831 3510; x_wconf 82' lang='grc' dir='ltr'>μητρυιαῖς</span> <span class='ocrx_word' id='word_1_382' title='bbox 852 3465 886 3508; x_wconf 80' lang='grc' dir='ltr'>γε</span> <span class='ocrx_word' id='word_1_383' title='bbox 907 3447 1043 3508; x_wconf 85' lang='grc' dir='ltr'>πάσχοντες</span> <span class='ocrx_word' id='word_1_384' title='bbox 1069 3449 1156 3498; x_wconf 75' lang='grc' dir='ltr'>κακῶς·</span> 
     </span>
     <span class='ocr_line' id='line_1_44' title="bbox 211 3512 1157 3576; baseline -0.002 -14"><span class='ocrx_word' id='word_1_385' title='bbox 211 3517 329 3576; x_wconf 78' lang='grc' dir='ltr'>χέτενσας</span> <span class='ocrx_word' id='word_1_386' title='bbox 340 3518 366 3563; x_wconf 78' lang='lat' dir='ltr'>et</span> <span class='ocrx_word' id='word_1_387' title='bbox 387 3518 490 3563; x_wconf 80' lang='grc' dir='ltr'>κούδὲν</span> <span class='ocrx_word' id='word_1_388' title='bbox 501 3516 586 3572; x_wconf 80' lang='grc' dir='ltr'>λέγων·</span> <span class='ocrx_word' id='word_1_389' title='bbox 606 3513 659 3562; x_wconf 80' lang='lat' dir='ltr'>end</span> <span class='ocrx_word' id='word_1_390' title='bbox 708 3515 734 3570; x_wconf 83' lang='lat'>(“</span> <span class='ocrx_word' id='word_1_391' title='bbox 743 3527 796 3573; x_wconf 83' lang='lat' dir='ltr'>yes,</span> <span class='ocrx_word' id='word_1_392' title='bbox 813 3512 864 3560; x_wconf 75' lang='lat' dir='ltr'>end</span> <span class='ocrx_word' id='word_1_393' title='bbox 878 3526 914 3560; x_wconf 88' lang='lat' dir='ltr'>we</span> <span class='ocrx_word' id='word_1_394' title='bbox 933 3513 1049 3572; x_wconf 88' lang='lat' dir='ltr'>stepsons</span> <span class='ocrx_word' id='word_1_395' title='bbox 1063 3513 1091 3560; x_wconf 90' lang='lat' dir='ltr'>to</span> <span class='ocrx_word' id='word_1_396' title='bbox 1109 3526 1157 3560; x_wconf 87' lang='lat' dir='ltr'>our</span> 
     </span>
     <span class='ocr_line' id='line_1_45' title="bbox 213 3576 1156 3642; baseline -0.003 -16"><span class='ocrx_word' id='word_1_397' title='bbox 213 3579 341 3642; x_wconf 85' lang='lat' dir='ltr'>(perhaps)</span> <span class='ocrx_word' id='word_1_398' title='bbox 357 3577 470 3639; x_wconf 80' lang='lat' dir='ltr'>Thunyd.</span> <span class='ocrx_word' id='word_1_399' title='bbox 483 3593 519 3625; x_wconf 81' lang='lat' dir='ltr'>vr.</span> <span class='ocrx_word' id='word_1_400' title='bbox 534 3579 566 3626; x_wconf 84' lang='grc'>20</span> <span class='ocrx_word' id='word_1_401' title='bbox 584 3581 658 3627; x_wconf 82' lang='grc' dir='ltr'>όλλαι</span> <span class='ocrx_word' id='word_1_402' title='bbox 708 3576 852 3637; x_wconf 83' lang='lat' dir='ltr'>stepdemes</span> <span class='ocrx_word' id='word_1_403' title='bbox 864 3576 937 3636; x_wconf 80' lang='lat' dir='ltr'>too.&#39;’)</span> <span class='ocrx_word' id='word_1_404' title='bbox 969 3577 1058 3624; x_wconf 89' lang='lat' dir='ltr'>Herm.</span> <span class='ocrx_word' id='word_1_405' title='bbox 1070 3576 1156 3624; x_wconf 74' lang='lat' dir='ltr'>Praei.</span> 
     </span>
     <span class='ocr_line' id='line_1_46' title="bbox 211 3640 1156 3704; baseline -0.004 -13"><span class='ocrx_word' id='word_1_406' title='bbox 211 3645 270 3691; x_wconf 68' lang='grc' dir='ltr'>εἰσίν</span> <span class='ocrx_word' id='word_1_407' title='bbox 289 3643 360 3704; x_wconf 78' lang='grc' dir='ltr'>ἑπτά,</span> <span class='ocrx_word' id='word_1_408' title='bbox 380 3646 427 3691; x_wconf 80' lang='grc' dir='ltr'>καὶ</span> <span class='ocrx_word' id='word_1_409' title='bbox 442 3645 660 3702; x_wconf 75' lang='grc' dir='ltr'>παρεσκευασμέναι</span> <span class='ocrx_word' id='word_1_410' title='bbox 708 3656 733 3704; x_wconf 87' lang='lat' dir='ltr'>p.</span> <span class='ocrx_word' id='word_1_411' title='bbox 747 3655 786 3690; x_wconf 84' lang='lat' dir='ltr'>xx.</span> <span class='ocrx_word' id='word_1_412' title='bbox 815 3642 869 3703; x_wconf 68' lang='lat'>“7⁶</span> <span class='ocrx_word' id='word_1_413' title='bbox 885 3640 934 3688; x_wconf 79' lang='lat' dir='ltr'>hoe</span> <span class='ocrx_word' id='word_1_414' title='bbox 952 3640 1008 3688; x_wconf 83' lang='lat' dir='ltr'>loeo</span> <span class='ocrx_word' id='word_1_415' title='bbox 1024 3641 1064 3688; x_wconf 82' lang='lat' dir='ltr'>est</span> <span class='ocrx_word' id='word_1_416' title='bbox 1085 3655 1156 3698; x_wconf 79' lang='lat' dir='ltr'>sane,</span> 
     </span>
     <span class='ocr_line' id='line_1_47' title="bbox 212 3702 1157 3770; baseline -0.001 -13"><span class='ocrx_word' id='word_1_417' title='bbox 212 3706 304 3769; x_wconf 67' lang='lat' dir='ltr'>(where</span> <span class='ocrx_word' id='word_1_418' title='bbox 318 3707 333 3756; x_wconf 95' lang='lat' dir='ltr'>I</span> <span class='ocrx_word' id='word_1_419' title='bbox 347 3702 425 3757; x_wconf 83' lang='lat' dir='ltr'>think</span> <span class='ocrx_word' id='word_1_420' title='bbox 439 3705 557 3757; x_wconf 82' lang='lat' dir='ltr'>Amold’e</span> <span class='ocrx_word' id='word_1_421' title='bbox 574 3707 659 3768; x_wconf 78' lang='lat' dir='ltr'>exple·</span> <span class='ocrx_word' id='word_1_422' title='bbox 711 3704 786 3755; x_wconf 81' lang='lat' dir='ltr'>nobis</span> <span class='ocrx_word' id='word_1_423' title='bbox 791 3705 1101 3770; x_wconf 46' lang='lat' dir='ltr'>fralict.”÷drdlele</span> <span class='ocrx_word' id='word_1_424' title='bbox 1116 3708 1157 3756; x_wconf 79' lang='grc' dir='ltr'>καὶ</span> 
     </span>
    </p>
   </div>
   <div class='ocr_carea' id='block_1_6' title="bbox 0 0 1318 4194">
    <p class='ocr_par' dir='ltr' id='par_1_8' title="bbox 0 0 1318 4194">
     <span class='ocr_line' id='line_1_48' title="bbox 0 0 1318 4194; baseline 0 3"><span class='ocrx_word' id='word_1_425' title='bbox 0 0 1318 4194; x_wconf 95' lang='lat' dir='ltr'> </span> 
     </span>
    </p>
   </div>
  </div>
 </body>
</html>
