2628 4194
326 249 386 312 DE
415 249 558 314 FALSA
587 247 851 314 LEGATIONE.
1018 251 1059 316 67

122 405 180 487 μὲν
197 403 257 487 peip
270 397 392 494 ’χρόνον
411 397 473 496 οάχ
493 405 555 476 οἶός
574 405 602 471 τ’
616 407 655 486 ἦν
672 406 777 471 ἐλθεῖν
795 407 813 469 ὁ
828 401 992 476 Φίλιππος
1008 405 1061 469 διά

123 508 178 588 τὴν
207 507 329 592 εἰρήνην
357 509 429 574 ἀλλ’
459 509 498 591 ἦν
528 511 561 575 ἐν
589 514 784 594 παρασκευῇ,
810 512 880 579 τοὺς
908 508 1061 574 Λακεδαι-

122 613 244 694 μονίους
267 614 496 697 μετεπέμπετο,
519 614 628 678 πάντα
656 614 698 679 τὰ
726 601 889 699 πράημάθ
919 597 1168 701 dcccxci-Md
1216 627 1222 664 ἱ
1294 667 1295 720 η

122 739 211 794 μενος
235 714 368 801 πράξειν
397 715 532 795 ἐκείνοις,
565 715 616 782 ἵνα
645 717 689 799 μὴ
720 717 758 782 δι’
788 717 873 800 ὑμῶν
897 715 1008 788 αὐτοὺς
1032 687 1267 840 οἱῇὅω
1294 743 1295 794 ξ

19 783 58 964 s
81 823 110 894 87
124 819 242 888 Φωκεῖς
266 818 683 902 ὑποποιῄιμνωνται.’”ε’πειδῆ
707 822 740 887 δὲ
769 822 843 904 ἧκεν
872 823 914 892 εἰς
940 823 1059 901 Πύλας,
1074 781 1283 904 V
1294 819 1295 828 θ

122 919 153 984 οἱ
175 913 416 1004 Λακεδαιμόνιοι
445 921 471 987 δ’
497 923 679 1006 αἰσθόμενοι
704 927 760 1006 τὴν
790 925 920 1014 ἐνέδραν]
938 924 1061 1013 ὑπεχώ-

122 1046 230 1106 ρησαν,
256 1030 368 1090 τοῦτον
385 1023 424 1090 αὖ
446 1027 649 1118 προκαθῆκεν
669 1027 832 1110 ἐξαπατᾶν
852 1027 931 1109 ὑμᾶς
951 1025 1061 1108 ἵναμὴ

122 1125 233 1208 πόλιν)
246 1126 333 1209 ὑμῶν
356 1127 555 1211 αἰσθομένων
578 1128 627 1194 ότι
651 1130 809 1210 Θηβαίοις
828 1130 869 1195 τά
887 1128 1062 1216 πράγματα
1121 1107 1123 1132 ¹

122 1229 317 1328 πράττειμῖς
336 1229 469 1318 χρόνους
489 1232 541 1296 καὶ
561 1232 703 1315 πόλεμον
723 1233 776 1297 καὶ
794 1233 908 1322 τριβὴν
928 1234 1060 1318 ἐμπέσῃ,

122 1333 181 1394 τῶν
190 1330 251 1412 μὲν
262 1333 398 1414 Φωκέων
410 1330 609 1414 ἀμυνομένων
618 1331 703 1414 ὑμῶν
718 1331 751 1396 δὲ
764 1333 973 1414 βοηθούντων,
987 1333 1061 1400 ἀλλ’

123 1429 241 1497 ἀκονιτὶ
255 1433 350 1497 πάνθ’
373 1432 424 1520 ὑφ’
441 1433 540 1520 ἑαντῷ
557 1433 742 1514 ποιήσηται·
765 1431 843 1521 όπερ
858 1435 912 1499 καὶ
926 1436 1060 1519 (γέγονεν.

122 1533 162 1614 μὴ
177 1534 231 1601 οὖν
246 1535 297 1601 ότι
312 1535 365 1601 καὶ
382 1534 649 1617 Λακεδαιμονίους
665 1537 719 1601 καὶ
735 1536 864 1607 Φωκέας
879 1538 1062 1620 ἐξηπάτησε

123 1635 296 1716 Φίλιππος,
326 1638 377 1703 διὰ
405 1639 493 1704 ταῦθ’
524 1638 566 1704 ὧν
594 1639 674 1722 ὑμᾶς
692 1630 785 1710 ὀὗτος
812 1640 994 1723 ἐξηπάτησε
1018 1641 1062 1722 μὴ

123 1740 200 1806 δότω
216 1741 314 1822 δίκην
332 1741 367 1806 οὐ
381 1741 442 1828 (γάρ
458 1739 583 1808 δίκαιον.
788 1760 796 1814 t

122 1958 198 1994 manu
220 1943 415 2006 interpretantis
424 1943 439 1966 ”
458 1943 566 1993 Sonans.
611 1943 696 1992 Immo
712 1947 776 1994 male
792 1947 965 2006 inteltipeatis.
999 1946 1059 1994 Mox

123 2013 182 2067 μετὰ
198 2007 290 2058 Rnisn
309 2009 391 2057 Brenn.
414 2009 440 2056 et
459 2009 491 2057 st.
514 2010 544 2056 ut
566 2022 596 2055 11.
620 2008 731 2069 Philipp.
754 2023 779 2068 p.
803 2009 834 2059 67
858 2012 871 2069 ς
892 2011 914 2060 7.
950 2009 1000 2058 Sed
1023 2013 1062 2059 διὰ

123 2073 148 2121 Ὲ.
163 2074 188 2122 S.
197 2074 227 2122 0.
239 2076 258 2123 t.
272 2087 298 2122 u.
308 2087 332 2120 v.
341 2073 386 2120 alii
396 2075 460 2133 puto
473 2073 543 2132 (nam
554 2071 672 2120 Lambin.
685 2073 730 2133 qui
744 2072 773 2120 in
783 2074 856 2120 textu
868 2075 905 2122 διά
916 2074 955 2120 uti
973 2075 1060 2134 vulga·

122 2136 194 2186 betur
203 2140 265 2186 ante
276 2137 366 2185 Rarsx.
378 2136 482 2184 nonnisi
494 2151 509 2184 a
519 2140 562 2199 fio.
575 2139 600 2184 et
613 2140 651 2184 tm.
664 2135 726 2185 citat
734 2138 805 2201 μετά)
818 2137 867 2186 Ed.
877 2137 966 2186 Temo.
981 2139 1060 2185 D1un.

123 2199 204 2252 θοντο.
240 2201 306 2251 Infr.
320 2202 467 2258 ποιήσωνται
479 2199 504 2249 Β.
669 2247 671 2254 ,

167 2267 229 2324 ἕ87.
269 2267 370 2314 ἀκονιτεὶ
382 2279 420 2325 pr.
443 2264 468 2312 S.
502 2264 570 2314 οὗτος
591 2266 651 2312 ante
669 2265 819 2324 ἐξηπάτησεν
838 2279 888 2312 om.
911 2279 936 2324 p.
961 2265 985 2314 S.
1008 2265 1057 2314 Eo.

122 2327 209 2378 Tuerc.
228 2329 280 2379 Sed
290 2329 428 2377 manifesto
439 2327 544 2388 subject.
555 2329 631 2376 verbo
643 2331 682 2376 est
693 2327 840 2376 Aeschines.
857 2329 947 2388 Itaque
958 2329 1060 2376 etiarnsi

123 2393 214 2442 Graece
225 2393 298 2442 haud
314 2406 371 2440 raro
386 2393 423 2440 sic
443 2392 577 2452 derepente
594 2393 703 2452 subjecta
720 2391 817 2439 mutari
836 2393 941 2450 soleant,
960 2407 1059 2453 nequeo

122 2458 205 2506 tamen
216 2456 318 2516 adduci,
329 2471 389 2504 cum
404 2455 553 2516 praesertim
570 2455 665 2503 omisso
684 2455 736 2503 ni
754 2455 904 2515 pronomine
922 2458 1059 2516 utrumque

122 2523 271 2581 ἐηπάτησεν
291 2519 325 2569 ad
341 2520 489 2580 Philippum
507 2535 583 2568 nemo
600 2534 653 2567 non
672 2519 796 2578 retulerit,
816 2522 846 2567 ut
862 2522 965 2581 propter
981 2521 1058 2570 unius

124 2524 182 2634 (θιὼ
195 2585 377 2635 auctoritatem
390 2582 526 2632 delendum
538 2598 664 2633 censeam.

121 2753 214 2812 packed
224 2751 341 2814 together
357 2751 385 2798 in
397 2751 441 2798 the
452 2750 563 2800 destruo·
614 2749 729 2799 dimittas
757 2751 905 2814 explorandi
938 2755 983 2800 aut
1014 2754 1058 2802 eli·

121 2817 173 2865 tion
202 2819 229 2866 oi
255 2817 301 2864 the
328 2815 478 2864 Phocians.’'
516 2816 562 2864 Sec
613 2815 702 2863 mandi
718 2831 783 2877 ergo,
798 2818 935 2876 antequam
951 2820 1006 2865 tute
1022 2821 1058 2866 te·

121 2882 206 2932 Audet.
223 2882 393 2930 σήμ-*διὰ
407 2883 451 2939 τὴν
462 2879 562 2942 εἰρήνην]
613 2881 667 2927 met
678 2879 823 2928 demittas.”
847 2884 879 2930 εἰς
885 2885 994 2942 ταραχὴν
1001 2901 1057 2944 τρο-

122 2946 225 3007 “owing
246 2947 275 2993 to
292 2944 337 2992 the
356 2942 457 3004 peace,''
479 2944 563 2991 which
614 2946 719 2993 καθεῖναι
733 2948 795 3005 ’τὴν
822 2947 893 2994 πόλιν
925 2946 997 2992 Dem.
1026 2946 1057 2993 de

121 3021 168 3056 was
183 3010 230 3057 not
244 3011 290 3071 yet
304 3007 402 3068 settled,
419 3007 465 3056 but
482 3008 565 3056 under
615 3008 738 3068 Symmor.
758 3023 782 3070 p.
798 3010 845 3060 179
856 3009 895 3069 §5
916 3012 949 3070 (to
964 3011 1057 3070 plcnpe

122 3074 407 3132 negotiation—rcdr
435 3074 464 3121 Λ.
494 3089 562 3131 μετε-
600 3074 654 3120 1ιΙιι
670 3080 733 3121 state
751 3076 822 3122 down
839 3076 891 3121 tcto
910 3074 1056 3134 conjectore).

121 3139 238 3200 τέρπετο]
255 3136 355 3185 Thirlw.
368 3151 390 3184 v.
403 3137 458 3185 366.
613 3135 681 3184 Iam
696 3139 742 3185 not
759 3151 839 3185 eware
854 3136 911 3184 that
929 3136 973 3184 the
989 3137 1057 3184 word

150 3204 212 3262 587.
250 3201 322 3261 See§
339 3201 562 3262 55.-τροκιιθι”η
612 3199 635 3247 is
657 3201 720 3248 used
747 3203 834 3261 except
861 3200 889 3247 in
910 3199 982 3247 these
1008 3201 1057 3247 two

121 3267 167 3326 κεν]
184 3270 199 3293 “
210 3265 252 3314 He
265 3272 322 3313 sent
333 3263 388 3311 him
399 3264 456 3311 first
472 3266 499 3310 to
514 3263 564 3312 ieel
613 3278 738 3326 passages.
751 3266 858 3323 -μὴ
862 3303 919 3312 ......
922 3267 956 3323 μὴ
983 3264 1055 3328 δότω]

121 3328 163 3377 the
173 3344 228 3390 way
245 3330 286 3376 for
301 3327 431 3376 himseli.’'
463 3328 564 3375 Ithink
613 3328 686 3376 “Let
705 3331 751 3376 not
767 3328 837 3385 then,
849 3328 955 3375 because
968 3329 1057 3390 Philip

121 3391 218 3441 Rnrsrn
246 3392 305 3440 Ind.
339 3391 447 3450 Graecit.
481 3391 561 3452 right:
614 3429 683 3451 .....,
707 3407 741 3439 on
763 3393 820 3439 that
847 3406 915 3439 score
943 3393 978 3440 let
1006 3395 1057 3441 tim

124 3457 258 3518 '‘eliquem
265 3455 436 3518 praemittere,
446 3456 563 3504 summit·
613 3469 702 3517 escape
719 3455 894 3517 punishment,
907 3457 968 3505 ἀπ’
1002 3456 1056 3507 The

120 3521 179 3580 tere,
195 3522 345 3580 subornare,
364 3519 478 3581 quiante
489 3522 564 3568 tuum
614 3521 707 3567 second
725 3523 758 3580 μὴ
772 3520 795 3567 is
816 3522 862 3567 not
884 3534 899 3568 a
920 3520 1057 3582 repetition

121 3584 257 3636 adventum
265 3585 359 3642 omnia,
366 3598 430 3645 quae
438 3587 467 3632 tu
474 3586 564 3645 parata
613 3584 640 3631 oi
660 3582 705 3631 the
723 3585 825 3642 tormer,
847 3584 893 3632 but
914 3585 937 3632 is
959 3586 1057 3646 strictly

120 3648 189 3708 vetis,
205 3650 340 3710 praeparet
357 3650 432 3709 atque
445 3648 564 3706 instruet,
613 3647 700 3709 joined
718 3648 780 3697 with
799 3652 866 3699 δότω.
899 3649 988 3711 Gomp.
1006 3651 1057 3698 An-

19 3725 20 3728 ’
121 3714 149 3762 ut
160 3712 222 3763 situ
232 3727 280 3763 ae.
294 3713 398 3761 nauem
414 3713 444 3760 in
459 3715 566 3774 puteum
613 3711 678 3762 drot.
689 3726 714 3774 p.
728 3713 776 3762 602.
786 3715 798 3774 ξ
809 3715 848 3773 29,
865 3715 899 3774 μὴ
922 3716 960 3762 διὰ
979 3717 1057 3764 ταῦτα

889 3813 970 3874 5-2
