<?xml version="1.0" encoding="UTF-8"?>
<!DOCTYPE html PUBLIC "-//W3C//DTD XHTML 1.0 Transitional//EN"
    "http://www.w3.org/TR/xhtml1/DTD/xhtml1-transitional.dtd">
<html xmlns="http://www.w3.org/1999/xhtml" xml:lang="en" lang="en">
 <head>
  <title>
</title>
<meta http-equiv="Content-Type" content="text/html;charset=utf-8" />
  <meta name='ocr-system' content='tesseract 3.04.00' />
  <meta name='ocr-capabilities' content='ocr_page ocr_carea ocr_par ocr_line ocrx_word'/>
</head>
<body>
  <div class='ocr_page' id='page_1' title='image "./demosthenisdefa01shilgoog_0116.png"; bbox 0 0 2628 4194; ppageno 0'>
   <div class='ocr_carea' id='block_1_1' title="bbox 161 157 897 300">
    <p class='ocr_par' dir='ltr' id='par_1_1' title="bbox 161 157 897 300">
     <span class='ocr_line' id='line_1_1' title="bbox 161 157 897 300; baseline 0.008 -6"><span class='ocrx_word' id='word_1_1' title='bbox 161 210 164 212; x_wconf 80' lang='grc'><strong>’</strong></span> <span class='ocrx_word' id='word_1_2' title='bbox 243 228 284 294; x_wconf 83' lang='lat' dir='ltr'><strong>ee</strong></span> <span class='ocrx_word' id='word_1_3' title='bbox 454 157 458 182; x_wconf 30' lang='grc' dir='ltr'>ι</span> <span class='ocrx_word' id='word_1_4' title='bbox 552 223 897 300; x_wconf 73' lang='grc' dir='ltr'>οΕΜοοΤΗΕΝις.</span> 
     </span>
    </p>
   </div>
   <div class='ocr_carea' id='block_1_2' title="bbox 160 381 1248 1904">
    <p class='ocr_par' dir='ltr' id='par_1_2' title="bbox 240 381 1184 875">
     <span class='ocr_line' id='line_1_2' title="bbox 242 381 1183 470; baseline -0.004 -20"><span class='ocrx_word' id='word_1_5' title='bbox 242 410 305 450; x_wconf 82' lang='grc' dir='ltr'>νειν</span> <span class='ocrx_word' id='word_1_6' title='bbox 320 383 398 470; x_wconf 87' lang='grc' dir='ltr'>ἔφην</span> <span class='ocrx_word' id='word_1_7' title='bbox 413 385 446 450; x_wconf 84' lang='grc' dir='ltr'><strong>έν</strong></span> <span class='ocrx_word' id='word_1_8' title='bbox 468 401 500 450; x_wconf 79' lang='grc' dir='ltr'><strong>τι</strong></span> <span class='ocrx_word' id='word_1_9' title='bbox 522 388 577 466; x_wconf 78' lang='grc' dir='ltr'>τῆς</span> <span class='ocrx_word' id='word_1_10' title='bbox 597 385 806 466; x_wconf 69' lang='grc' dir='ltr'>εἰσαγγελίας,</span> <span class='ocrx_word' id='word_1_11' title='bbox 823 384 851 450; x_wconf 84' lang='grc' dir='ltr'><strong>εἰ</strong></span> <span class='ocrx_word' id='word_1_12' title='bbox 868 383 962 465; x_wconf 87' lang='grc' dir='ltr'>μάνος</span> <span class='ocrx_word' id='word_1_13' title='bbox 976 381 1183 470; x_wconf 79' lang='grc' dir='ltr'>Φιλοκράτης</span> 
     </span>
     <span class='ocr_line' id='line_1_3' title="bbox 241 485 1184 568; baseline 0 -17"><span class='ocrx_word' id='word_1_14' title='bbox 241 488 401 551; x_wconf 82' lang='grc' dir='ltr'>τοσούτων</span> <span class='ocrx_word' id='word_1_15' title='bbox 419 487 472 552; x_wconf 87' lang='grc' dir='ltr'>καὶ</span> <span class='ocrx_word' id='word_1_16' title='bbox 494 486 642 552; x_wconf 77' lang='grc' dir='ltr'>τοιούτων</span> <span class='ocrx_word' id='word_1_17' title='bbox 660 485 861 568; x_wconf 81' lang='grc' dir='ltr'>ἀδικημάτων</span> <span class='ocrx_word' id='word_1_18' title='bbox 877 485 975 556; x_wconf 83' lang='grc' dir='ltr'>αἴτιος</span> <span class='ocrx_word' id='word_1_19' title='bbox 993 485 1130 567; x_wconf 63' lang='grc' dir='ltr'>γέγονεν,</span> <span class='ocrx_word' id='word_1_20' title='bbox 1149 485 1184 551; x_wconf 88' lang='grc' dir='ltr'><strong>οἱ</strong></span> 
     </span>
     <span class='ocr_line' id='line_1_4' title="bbox 241 586 1179 672; baseline 0.002 -20"><span class='ocrx_word' id='word_1_21' title='bbox 241 586 267 652; x_wconf 84' lang='grc' dir='ltr'><strong>δ’</strong></span> <span class='ocrx_word' id='word_1_22' title='bbox 285 589 372 653; x_wconf 85' lang='grc' dir='ltr'>ἐννέα</span> <span class='ocrx_word' id='word_1_23' title='bbox 393 592 456 654; x_wconf 82' lang='grc' dir='ltr'>τῶν</span> <span class='ocrx_word' id='word_1_24' title='bbox 471 589 640 671; x_wconf 87' lang='grc' dir='ltr'>πρέσβεων</span> <span class='ocrx_word' id='word_1_25' title='bbox 658 589 793 671; x_wconf 85' lang='grc' dir='ltr'>μηδενός.</span> <span class='ocrx_word' id='word_1_26' title='bbox 838 589 891 653; x_wconf 81' lang='grc' dir='ltr'>καὶ</span> <span class='ocrx_word' id='word_1_27' title='bbox 913 587 969 652; x_wconf 82' lang='grc' dir='ltr'>οὐκ</span> <span class='ocrx_word' id='word_1_28' title='bbox 990 587 1071 672; x_wconf 80' lang='grc' dir='ltr'>ἔφην</span> <span class='ocrx_word' id='word_1_29' title='bbox 1091 587 1179 654; x_wconf 83' lang='grc' dir='ltr'>τοῦθ’</span> 
     </span>
     <span class='ocr_line' id='line_1_5' title="bbox 240 689 1180 778; baseline 0.004 -26"><span class='ocrx_word' id='word_1_30' title='bbox 240 689 338 760; x_wconf 76' lang='grc' dir='ltr'>οὕτως</span> <span class='ocrx_word' id='word_1_31' title='bbox 359 689 451 778; x_wconf 80' lang='grc' dir='ltr'>ἔχειν·</span> <span class='ocrx_word' id='word_1_32' title='bbox 481 690 617 769; x_wconf 77' lang='grc' dir='ltr'>οὐδαμοῦ</span> <span class='ocrx_word' id='word_1_33' title='bbox 644 690 705 778; x_wconf 62' lang='grc' dir='ltr'><strong>γὰρ</strong></span> <span class='ocrx_word' id='word_1_34' title='bbox 735 689 774 755; x_wconf 85' lang='grc' dir='ltr'><strong>ἂν</strong></span> <span class='ocrx_word' id='word_1_35' title='bbox 802 692 939 776; x_wconf 75' lang='grc' dir='ltr'>φανῆναι</span> <span class='ocrx_word' id='word_1_36' title='bbox 968 689 1037 754; x_wconf 87' lang='grc' dir='ltr'>καθ’</span> <span class='ocrx_word' id='word_1_37' title='bbox 1067 691 1180 756; x_wconf 82' lang='grc' dir='ltr'>ἑαυτὸν</span> 
     </span>
     <span class='ocr_line' id='line_1_6' title="bbox 240 791 1179 875; baseline -0.001 -19"><span class='ocrx_word' id='word_1_38' title='bbox 240 793 362 870; x_wconf 87' lang='grc' dir='ltr'>ἐκεῖνον,</span> <span class='ocrx_word' id='word_1_39' title='bbox 392 793 420 857; x_wconf 80' lang='grc' dir='ltr'><strong>εἰ</strong></span> <span class='ocrx_word' id='word_1_40' title='bbox 441 791 484 875; x_wconf 87' lang='grc' dir='ltr'><strong>μὴ</strong></span> <span class='ocrx_word' id='word_1_41' title='bbox 508 791 578 861; x_wconf 74' lang='grc' dir='ltr'>τοὺς</span> <span class='ocrx_word' id='word_1_42' title='bbox 607 793 909 875; x_wconf 63' lang='grc' dir='ltr'>συναγωνιζομένους</span> <span class='ocrx_word' id='word_1_43' title='bbox 944 791 1063 858; x_wconf 75' lang='grc' dir='ltr'>τούτων</span> <span class='ocrx_word' id='word_1_44' title='bbox 1092 791 1179 863; x_wconf 80' lang='grc' dir='ltr'>τινὰς</span> 
     </span>
    </p>

    <p class='ocr_par' dir='ltr' id='par_1_3' title="bbox 171 892 1248 1292">
     <span class='ocr_line' id='line_1_7' title="bbox 171 892 1248 981; baseline -0.002 -23"><span class='ocrx_word' id='word_1_45' title='bbox 171 915 224 975; x_wconf 87' lang='lat'><strong>117</strong></span> <span class='ocrx_word' id='word_1_46' title='bbox 239 892 333 981; x_wconf 83' lang='grc' dir='ltr'>εἶχεν.</span> <span class='ocrx_word' id='word_1_47' title='bbox 379 894 415 959; x_wconf 76' lang='grc' dir='ltr'><strong>ἵν’</strong></span> <span class='ocrx_word' id='word_1_48' title='bbox 444 893 497 960; x_wconf 79' lang='grc' dir='ltr'><strong>οὖν</strong></span> <span class='ocrx_word' id='word_1_49' title='bbox 525 893 597 977; x_wconf 81' lang='grc' dir='ltr'>μήτ’</span> <span class='ocrx_word' id='word_1_50' title='bbox 626 893 697 979; x_wconf 78' lang='grc' dir='ltr'><strong>ἀφῶ</strong></span> <span class='ocrx_word' id='word_1_51' title='bbox 725 894 797 977; x_wconf 80' lang='grc' dir='ltr'>μήτ’</span> <span class='ocrx_word' id='word_1_52' title='bbox 827 892 1020 974; x_wconf 83' lang='grc' dir='ltr'>αἰτιάσωμαι</span> <span class='ocrx_word' id='word_1_53' title='bbox 1048 893 1177 976; x_wconf 85' lang='grc' dir='ltr'>μηδένα,</span> <span class='ocrx_word' id='word_1_54' title='bbox 1195 917 1248 973; x_wconf 87' lang='lat'><strong>127</strong></span> 
     </span>
     <span class='ocr_line' id='line_1_8' title="bbox 238 995 1178 1083; baseline -0.002 -21"><span class='ocrx_word' id='word_1_55' title='bbox 238 997 318 1082; x_wconf 83' lang='grc' dir='ltr'>ἔφην</span> <span class='ocrx_word' id='word_1_56' title='bbox 335 997 405 1081; x_wconf 67' lang='grc' dir='ltr'>ἐγώ,</span> <span class='ocrx_word' id='word_1_57' title='bbox 424 996 513 1062; x_wconf 88' lang='grc' dir='ltr'><strong>ἀλλά</strong></span> <span class='ocrx_word' id='word_1_58' title='bbox 530 997 568 1062; x_wconf 89' lang='grc' dir='ltr'>τὸ</span> <span class='ocrx_word' id='word_1_59' title='bbox 584 996 705 1083; x_wconf 72' lang='grc' dir='ltr'>πρᾶγμ’</span> <span class='ocrx_word' id='word_1_60' title='bbox 721 995 796 1061; x_wconf 81' lang='grc' dir='ltr'>αὐτὸ</span> <span class='ocrx_word' id='word_1_61' title='bbox 815 998 884 1067; x_wconf 79' lang='grc' dir='ltr'>τοὺς</span> <span class='ocrx_word' id='word_1_62' title='bbox 899 997 957 1079; x_wconf 83' lang='grc' dir='ltr'><strong>μὲν</strong></span> <span class='ocrx_word' id='word_1_63' title='bbox 972 997 1089 1066; x_wconf 77' lang='grc' dir='ltr'>αἰτίους</span> <span class='ocrx_word' id='word_1_64' title='bbox 1104 995 1178 1081; x_wconf 73' lang='grc' dir='ltr'>εὕρῃ</span> 
     </span>
     <span class='ocr_line' id='line_1_9' title="bbox 237 1101 1178 1189; baseline 0 -23"><span class='ocrx_word' id='word_1_65' title='bbox 237 1102 308 1172; x_wconf 79' lang='grc' dir='ltr'>τοὺς</span> <span class='ocrx_word' id='word_1_66' title='bbox 327 1102 422 1184; x_wconf 81' lang='grc' dir='ltr'>δὲμὴ</span> <span class='ocrx_word' id='word_1_67' title='bbox 440 1102 677 1189; x_wconf 82' lang='grc' dir='ltr'>μετεσχηκότας</span> <span class='ocrx_word' id='word_1_68' title='bbox 697 1104 771 1188; x_wconf 84' lang='grc' dir='ltr'>ἀφῇ,</span> <span class='ocrx_word' id='word_1_69' title='bbox 791 1101 930 1178; x_wconf 77' lang='grc' dir='ltr'>ἀναστὰς</span> <span class='ocrx_word' id='word_1_70' title='bbox 951 1101 1178 1185; x_wconf 82' lang='grc' dir='ltr'>ὁβουλὸμενος</span> 
     </span>
     <span class='ocr_line' id='line_1_10' title="bbox 237 1203 1176 1292; baseline 0.001 -24"><span class='ocrx_word' id='word_1_71' title='bbox 237 1204 291 1269; x_wconf 82' lang='grc' dir='ltr'>καὶ</span> <span class='ocrx_word' id='word_1_72' title='bbox 305 1205 473 1289; x_wconf 74' lang='grc' dir='ltr'>παρελθὼν</span> <span class='ocrx_word' id='word_1_73' title='bbox 487 1204 530 1276; x_wconf 84' lang='grc' dir='ltr'><strong>εἰς</strong></span> <span class='ocrx_word' id='word_1_74' title='bbox 545 1205 624 1286; x_wconf 80' lang='grc' dir='ltr'>ὑμᾶς</span> <span class='ocrx_word' id='word_1_75' title='bbox 640 1203 862 1291; x_wconf 82' lang='grc' dir='ltr'>ἀποφηνάσθω</span> <span class='ocrx_word' id='word_1_76' title='bbox 881 1204 924 1285; x_wconf 81' lang='grc' dir='ltr'><strong>μὴ</strong></span> <span class='ocrx_word' id='word_1_77' title='bbox 938 1205 1083 1292; x_wconf 84' lang='grc' dir='ltr'>μετέχειν</span> <span class='ocrx_word' id='word_1_78' title='bbox 1097 1205 1176 1286; x_wconf 85' lang='grc' dir='ltr'>μηδὲ</span> 
     </span>
    </p>

    <p class='ocr_par' dir='ltr' id='par_1_4' title="bbox 160 1305 1176 1595">
     <span class='ocr_line' id='line_1_11' title="bbox 160 1305 1176 1394; baseline 0.002 -24"><span class='ocrx_word' id='word_1_79' title='bbox 160 1327 222 1394; x_wconf 88' lang='lat'><strong>377</strong></span> <span class='ocrx_word' id='word_1_80' title='bbox 236 1306 379 1390; x_wconf 85' lang='grc' dir='ltr'>ἀρέσκειν</span> <span class='ocrx_word' id='word_1_81' title='bbox 394 1307 478 1394; x_wconf 79' lang='grc' dir='ltr'>αὐτῷ</span> <span class='ocrx_word' id='word_1_82' title='bbox 492 1305 533 1373; x_wconf 81' lang='grc' dir='ltr'>τὰ</span> <span class='ocrx_word' id='word_1_83' title='bbox 546 1306 608 1373; x_wconf 83' lang='grc' dir='ltr'><strong>ὑπὸ</strong></span> <span class='ocrx_word' id='word_1_84' title='bbox 623 1306 842 1394; x_wconf 84' lang='grc' dir='ltr'>Φιλοκράτους</span> <span class='ocrx_word' id='word_1_85' title='bbox 861 1308 1079 1394; x_wconf 71' lang='grc' dir='ltr'>πεπραγμένα.</span> <span class='ocrx_word' id='word_1_86' title='bbox 1097 1308 1102 1394; x_wconf 81' lang='lat' dir='ltr'><strong>l</strong></span> <span class='ocrx_word' id='word_1_87' title='bbox 1122 1309 1176 1372; x_wconf 82' lang='grc' dir='ltr'>καὶ</span> 
     </span>
     <span class='ocr_line' id='line_1_12' title="bbox 234 1408 1172 1496; baseline 0 -22"><span class='ocrx_word' id='word_1_88' title='bbox 234 1409 289 1474; x_wconf 84' lang='grc' dir='ltr'>τὸν</span> <span class='ocrx_word' id='word_1_89' title='bbox 309 1415 401 1476; x_wconf 84' lang='grc' dir='ltr'>τοῦτο</span> <span class='ocrx_word' id='word_1_90' title='bbox 420 1409 602 1490; x_wconf 84' lang='grc' dir='ltr'>ποιήσαντα</span> <span class='ocrx_word' id='word_1_91' title='bbox 623 1409 739 1494; x_wconf 88' lang='grc' dir='ltr'>ἀφίημι</span> <span class='ocrx_word' id='word_1_92' title='bbox 755 1408 855 1491; x_wconf 75' lang='grc' dir='ltr'>ἔγωγ’,</span> <span class='ocrx_word' id='word_1_93' title='bbox 873 1412 958 1492; x_wconf 83' lang='grc' dir='ltr'>ἔφην.</span> <span class='ocrx_word' id='word_1_94' title='bbox 996 1415 1097 1475; x_wconf 83' lang='grc' dir='ltr'>ταῦτα</span> <span class='ocrx_word' id='word_1_95' title='bbox 1110 1411 1172 1496; x_wconf 75' lang='grc' dir='ltr'>ιγάρ</span> 
     </span>
     <span class='ocr_line' id='line_1_13' title="bbox 235 1508 1173 1595; baseline 0.009 -21"><span class='ocrx_word' id='word_1_96' title='bbox 235 1511 447 1593; x_wconf 82' lang='grc' dir='ltr'>μνημονεύετε,</span> <span class='ocrx_word' id='word_1_97' title='bbox 465 1510 504 1581; x_wconf 80' lang='grc' dir='ltr'><strong>ὥς</strong></span> <span class='ocrx_word' id='word_1_98' title='bbox 520 1508 580 1592; x_wconf 73' lang='grc' dir='ltr'><strong>ἐγώ</strong></span> <span class='ocrx_word' id='word_1_99' title='bbox 595 1508 689 1592; x_wconf 83' lang='grc' dir='ltr'>οἶμαι.</span> <span class='ocrx_word' id='word_1_100' title='bbox 728 1509 764 1575; x_wconf 82' lang='grc' dir='ltr'><strong>οὐ</strong></span> <span class='ocrx_word' id='word_1_101' title='bbox 779 1510 883 1575; x_wconf 85' lang='grc' dir='ltr'>τοίνυν</span> <span class='ocrx_word' id='word_1_102' title='bbox 897 1511 1062 1595; x_wconf 80' lang='grc' dir='ltr'>παρῆλθεν</span> <span class='ocrx_word' id='word_1_103' title='bbox 1076 1511 1173 1582; x_wconf 80' lang='grc' dir='ltr'>οὐδεὶς</span> 
     </span>
    </p>

    <p class='ocr_par' dir='ltr' id='par_1_5' title="bbox 167 1611 1244 1904">
     <span class='ocr_line' id='line_1_14' title="bbox 167 1611 1244 1700; baseline 0.003 -22"><span class='ocrx_word' id='word_1_104' title='bbox 167 1623 221 1678; x_wconf 88' lang='lat'><strong>118</strong></span> <span class='ocrx_word' id='word_1_105' title='bbox 236 1613 298 1677; x_wconf 82' lang='grc' dir='ltr'>οὐδ’</span> <span class='ocrx_word' id='word_1_106' title='bbox 312 1613 426 1696; x_wconf 81' lang='grc' dir='ltr'>ἔδειξεν</span> <span class='ocrx_word' id='word_1_107' title='bbox 442 1611 557 1678; x_wconf 82' lang='grc' dir='ltr'>ἑαυτόν.</span> <span class='ocrx_word' id='word_1_108' title='bbox 602 1613 655 1677; x_wconf 81' lang='grc' dir='ltr'>καὶ</span> <span class='ocrx_word' id='word_1_109' title='bbox 670 1615 732 1677; x_wconf 88' lang='grc' dir='ltr'>τῶν</span> <span class='ocrx_word' id='word_1_110' title='bbox 745 1614 803 1694; x_wconf 88' lang='grc' dir='ltr'><strong>μὲν</strong></span> <span class='ocrx_word' id='word_1_111' title='bbox 817 1612 929 1677; x_wconf 80' lang='grc' dir='ltr'>ἄλλων</span> <span class='ocrx_word' id='word_1_112' title='bbox 944 1613 1032 1679; x_wconf 82' lang='grc' dir='ltr'>ἔστιν</span> <span class='ocrx_word' id='word_1_113' title='bbox 1047 1613 1171 1700; x_wconf 80' lang='grc' dir='ltr'>ἑκάστω</span> <span class='ocrx_word' id='word_1_114' title='bbox 1188 1626 1244 1681; x_wconf 80' lang='lat'><strong>128</strong></span> 
     </span>
     <span class='ocr_line' id='line_1_15' title="bbox 235 1713 1172 1804; baseline 0.003 -24"><span class='ocrx_word' id='word_1_115' title='bbox 235 1743 282 1786; x_wconf 93' lang='grc' dir='ltr'><strong>τις</strong></span> <span class='ocrx_word' id='word_1_116' title='bbox 296 1715 465 1801; x_wconf 81' lang='grc' dir='ltr'>πρόφασις·</span> <span class='ocrx_word' id='word_1_117' title='bbox 486 1715 503 1780; x_wconf 86' lang='grc' dir='ltr'><strong><em>ὁ</em></strong></span> <span class='ocrx_word' id='word_1_118' title='bbox 517 1715 575 1797; x_wconf 85' lang='grc' dir='ltr'><strong>μὲν</strong></span> <span class='ocrx_word' id='word_1_119' title='bbox 590 1715 649 1804; x_wconf 71' lang='grc' dir='ltr'><strong>οὐχ</strong></span> <span class='ocrx_word' id='word_1_120' title='bbox 664 1714 832 1786; x_wconf 81' lang='grc' dir='ltr'>ὑπεύθυνος</span> <span class='ocrx_word' id='word_1_121' title='bbox 845 1715 892 1797; x_wconf 82' lang='grc' dir='ltr'>ἦν,</span> <span class='ocrx_word' id='word_1_122' title='bbox 908 1713 924 1779; x_wconf 85' lang='grc' dir='ltr'>ὁ</span> <span class='ocrx_word' id='word_1_123' title='bbox 940 1714 965 1780; x_wconf 91' lang='grc' dir='ltr'><strong>δ’</strong></span> <span class='ocrx_word' id='word_1_124' title='bbox 980 1714 1054 1804; x_wconf 82' lang='grc' dir='ltr'>οὐχὶ</span> <span class='ocrx_word' id='word_1_125' title='bbox 1068 1721 1172 1802; x_wconf 82' lang='grc' dir='ltr'>παρῆν</span> 
     </span>
     <span class='ocr_line' id='line_1_16' title="bbox 236 1817 1169 1904; baseline 0.003 -21"><span class='ocrx_word' id='word_1_126' title='bbox 236 1821 319 1895; x_wconf 83' lang='grc' dir='ltr'>ἴσως,</span> <span class='ocrx_word' id='word_1_127' title='bbox 342 1821 386 1904; x_wconf 78' lang='grc' dir='ltr'>τῷ</span> <span class='ocrx_word' id='word_1_128' title='bbox 408 1817 441 1882; x_wconf 88' lang='grc' dir='ltr'><strong>δὲ</strong></span> <span class='ocrx_word' id='word_1_129' title='bbox 463 1818 615 1899; x_wconf 78' lang='grc' dir='ltr'>κηδεστὴς</span> <span class='ocrx_word' id='word_1_130' title='bbox 637 1818 675 1899; x_wconf 77' lang='grc' dir='ltr'><strong>ἦν</strong></span> <span class='ocrx_word' id='word_1_131' title='bbox 690 1819 762 1883; x_wconf 81' lang='grc' dir='ltr'>ἐκεῖ·</span> <span class='ocrx_word' id='word_1_132' title='bbox 785 1817 885 1904; x_wconf 82' lang='grc' dir='ltr'>τούτῳ</span> <span class='ocrx_word' id='word_1_133' title='bbox 901 1817 927 1882; x_wconf 88' lang='grc' dir='ltr'><strong>δ’</strong></span> <span class='ocrx_word' id='word_1_134' title='bbox 943 1818 1030 1884; x_wconf 81' lang='grc' dir='ltr'>οὐδὲν</span> <span class='ocrx_word' id='word_1_135' title='bbox 1046 1819 1169 1886; x_wconf 78' lang='grc' dir='ltr'>τούτων.</span> 
     </span>
    </p>
   </div>
   <div class='ocr_carea' id='block_1_3' title="bbox 232 1991 1169 3017">
    <p class='ocr_par' dir='ltr' id='par_1_6' title="bbox 232 1991 1169 2620">
     <span class='ocr_line' id='line_1_17' title="bbox 233 1991 1169 2056; baseline 0.002 -16"><span class='ocrx_word' id='word_1_136' title='bbox 233 1991 321 2040; x_wconf 86' lang='lat' dir='ltr'><strong>vivum</strong></span> <span class='ocrx_word' id='word_1_137' title='bbox 332 1992 462 2056; x_wconf 81' lang='lat' dir='ltr'><strong>resecare).</strong></span> <span class='ocrx_word' id='word_1_138' title='bbox 497 1993 627 2055; x_wconf 82' lang='lat' dir='ltr'><strong>Quantula</strong></span> <span class='ocrx_word' id='word_1_139' title='bbox 638 1993 789 2043; x_wconf 80' lang='lat' dir='ltr'><strong>auctoritate</strong></span> <span class='ocrx_word' id='word_1_140' title='bbox 805 1993 868 2042; x_wconf 82' lang='lat' dir='ltr'><strong>haee</strong></span> <span class='ocrx_word' id='word_1_141' title='bbox 885 1994 1012 2054; x_wconf 84' lang='lat' dir='ltr'><strong>scriptura</strong></span> <span class='ocrx_word' id='word_1_142' title='bbox 1028 1994 1126 2042; x_wconf 79' lang='lat' dir='ltr'><strong>nitatur</strong></span> <span class='ocrx_word' id='word_1_143' title='bbox 1142 1994 1169 2042; x_wconf 91' lang='lat' dir='ltr'><strong>in</strong></span> 
     </span>
     <span class='ocr_line' id='line_1_18' title="bbox 233 2057 1168 2122; baseline 0.003 -19"><span class='ocrx_word' id='word_1_144' title='bbox 233 2057 365 2106; x_wconf 86' lang='lat' dir='ltr'><strong>Demosth.</strong></span> <span class='ocrx_word' id='word_1_145' title='bbox 381 2057 459 2105; x_wconf 86' lang='lat' dir='ltr'><strong>Godd.</strong></span> <span class='ocrx_word' id='word_1_146' title='bbox 471 2059 556 2106; x_wconf 88' lang='lat' dir='ltr'><strong>taedet</strong></span> <span class='ocrx_word' id='word_1_147' title='bbox 568 2058 684 2106; x_wconf 81' lang='lat' dir='ltr'><strong>seribere.</strong></span> <span class='ocrx_word' id='word_1_148' title='bbox 717 2059 802 2106; x_wconf 80' lang='lat' dir='ltr'><strong>Habet</strong></span> <span class='ocrx_word' id='word_1_149' title='bbox 813 2058 855 2106; x_wconf 88' lang='lat' dir='ltr'><strong>hie</strong></span> <span class='ocrx_word' id='word_1_150' title='bbox 867 2058 971 2106; x_wconf 88' lang='lat' dir='ltr'><strong>nonnisi</strong></span> <span class='ocrx_word' id='word_1_151' title='bbox 982 2059 1011 2106; x_wconf 93' lang='lat' dir='ltr'><strong>B.</strong></span> <span class='ocrx_word' id='word_1_152' title='bbox 1028 2061 1168 2122; x_wconf 61' lang='lat' dir='ltr'><strong>[wiarepa-</strong></span> 
     </span>
     <span class='ocr_line' id='line_1_19' title="bbox 235 2120 1166 2184; baseline 0.004 -16"><span class='ocrx_word' id='word_1_153' title='bbox 235 2123 274 2168; x_wconf 84' lang='grc' dir='ltr'><strong>δου</strong></span> <span class='ocrx_word' id='word_1_154' title='bbox 291 2120 441 2182; x_wconf 78' lang='lat' dir='ltr'>scripturam</span> <span class='ocrx_word' id='word_1_155' title='bbox 452 2136 510 2170; x_wconf 87' lang='lat' dir='ltr'><strong>oum</strong></span> <span class='ocrx_word' id='word_1_156' title='bbox 521 2137 606 2170; x_wconf 87' lang='lat' dir='ltr'><strong>veram</strong></span> <span class='ocrx_word' id='word_1_157' title='bbox 616 2136 670 2171; x_wconf 84' lang='lat' dir='ltr'><strong>esse</strong></span> <span class='ocrx_word' id='word_1_158' title='bbox 682 2122 769 2170; x_wconf 87' lang='lat' dir='ltr'><strong>dooere</strong></span> <span class='ocrx_word' id='word_1_159' title='bbox 780 2121 914 2170; x_wconf 87' lang='lat' dir='ltr'><strong>videantur</strong></span> <span class='ocrx_word' id='word_1_160' title='bbox 925 2125 1059 2183; x_wconf 83' lang='lat' dir='ltr'><strong>poetarum</strong></span> <span class='ocrx_word' id='word_1_161' title='bbox 1067 2123 1117 2172; x_wconf 90' lang='lat' dir='ltr'><strong>loei</strong></span> <span class='ocrx_word' id='word_1_162' title='bbox 1128 2138 1166 2184; x_wconf 87' lang='lat' dir='ltr'><strong>ap.</strong></span> 
     </span>
     <span class='ocr_line' id='line_1_20' title="bbox 233 2184 1168 2249; baseline 0.004 -17"><span class='ocrx_word' id='word_1_163' title='bbox 233 2184 325 2233; x_wconf 88' lang='lat' dir='ltr'><strong>Athen.</strong></span> <span class='ocrx_word' id='word_1_164' title='bbox 338 2200 395 2234; x_wconf 86' lang='lat' dir='ltr'>v111.</span> <span class='ocrx_word' id='word_1_165' title='bbox 404 2201 429 2247; x_wconf 89' lang='lat' dir='ltr'><strong>p.</strong></span> <span class='ocrx_word' id='word_1_166' title='bbox 441 2186 488 2234; x_wconf 82' lang='lat'><strong>342</strong></span> <span class='ocrx_word' id='word_1_167' title='bbox 500 2186 522 2234; x_wconf 84' lang='grc' dir='ltr'>Δ</span> <span class='ocrx_word' id='word_1_168' title='bbox 536 2186 595 2248; x_wconf 89' lang='lat' dir='ltr'><strong>[looi</strong></span> <span class='ocrx_word' id='word_1_169' title='bbox 607 2186 727 2234; x_wconf 84' lang='lat' dir='ltr'><strong>Timoelis</strong></span> <span class='ocrx_word' id='word_1_170' title='bbox 736 2186 803 2234; x_wconf 91' lang='lat' dir='ltr'><strong>nihil</strong></span> <span class='ocrx_word' id='word_1_171' title='bbox 813 2186 932 2246; x_wconf 86' lang='lat' dir='ltr'><strong>probant:</strong></span> <span class='ocrx_word' id='word_1_172' title='bbox 949 2186 979 2233; x_wconf 91' lang='lat' dir='ltr'><strong>in</strong></span> <span class='ocrx_word' id='word_1_173' title='bbox 989 2189 1097 2249; x_wconf 84' lang='lat' dir='ltr'><strong>utroque</strong></span> <span class='ocrx_word' id='word_1_174' title='bbox 1109 2191 1168 2247; x_wconf 83' lang='grc' dir='ltr'>-ἵδης</span> 
     </span>
     <span class='ocr_line' id='line_1_21' title="bbox 233 2249 1168 2312; baseline 0.003 -16"><span class='ocrx_word' id='word_1_175' title='bbox 233 2249 274 2296; x_wconf 86' lang='lat' dir='ltr'><strong>lex</strong></span> <span class='ocrx_word' id='word_1_176' title='bbox 284 2249 390 2298; x_wconf 81' lang='lat' dir='ltr'><strong>metrica</strong></span> <span class='ocrx_word' id='word_1_177' title='bbox 400 2251 507 2312; x_wconf 82' lang='lat' dir='ltr'><strong>patitur]</strong></span> <span class='ocrx_word' id='word_1_178' title='bbox 525 2254 549 2298; x_wconf 88' lang='lat' dir='ltr'><strong>et</strong></span> <span class='ocrx_word' id='word_1_179' title='bbox 561 2251 634 2299; x_wconf 91' lang='lat' dir='ltr'><strong>Phot.</strong></span> <span class='ocrx_word' id='word_1_180' title='bbox 647 2250 706 2298; x_wconf 91' lang='lat' dir='ltr'>bibl.</span> <span class='ocrx_word' id='word_1_181' title='bbox 715 2264 741 2311; x_wconf 88' lang='lat' dir='ltr'><strong>p.</strong></span> <span class='ocrx_word' id='word_1_182' title='bbox 751 2251 807 2308; x_wconf 83' lang='lat'>495,</span> <span class='ocrx_word' id='word_1_183' title='bbox 823 2251 860 2308; x_wconf 86' lang='lat'><strong>13,</strong></span> <span class='ocrx_word' id='word_1_184' title='bbox 875 2251 956 2298; x_wconf 86' lang='lat' dir='ltr'><strong>altera</strong></span> <span class='ocrx_word' id='word_1_185' title='bbox 972 2252 1058 2299; x_wconf 88' lang='lat' dir='ltr'><strong>tamen</strong></span> <span class='ocrx_word' id='word_1_186' title='bbox 1075 2266 1168 2312; x_wconf 83' lang='lat' dir='ltr'><strong>magno</strong></span> 
     </span>
     <span class='ocr_line' id='line_1_22' title="bbox 233 2305 1167 2375; baseline 0.003 -14"><span class='ocrx_word' id='word_1_187' title='bbox 233 2312 312 2361; x_wconf 82' lang='lat' dir='ltr'><strong>Oodd.</strong></span> <span class='ocrx_word' id='word_1_188' title='bbox 324 2313 397 2364; x_wconf 84' lang='lat' dir='ltr'>MSS.</span> <span class='ocrx_word' id='word_1_189' title='bbox 410 2329 536 2363; x_wconf 80' lang='lat' dir='ltr'><strong>consensu</strong></span> <span class='ocrx_word' id='word_1_190' title='bbox 546 2314 712 2363; x_wconf 83' lang='lat' dir='ltr'><strong>defenditur”</strong></span> <span class='ocrx_word' id='word_1_191' title='bbox 729 2305 825 2362; x_wconf 84' lang='lat' dir='ltr'><strong>Baiter.</strong></span> <span class='ocrx_word' id='word_1_192' title='bbox 838 2314 870 2363; x_wconf 87' lang='lat' dir='ltr'><strong>ud</strong></span> <span class='ocrx_word' id='word_1_193' title='bbox 882 2315 988 2375; x_wconf 82' lang='lat' dir='ltr'><strong>Lyeurg.</strong></span> <span class='ocrx_word' id='word_1_194' title='bbox 1003 2330 1028 2375; x_wconf 93' lang='lat' dir='ltr'><strong>p.</strong></span> <span class='ocrx_word' id='word_1_195' title='bbox 1041 2317 1096 2363; x_wconf 86' lang='lat'>105.</span> <span class='ocrx_word' id='word_1_196' title='bbox 1130 2317 1167 2364; x_wconf 90' lang='lat' dir='ltr'><strong>De</strong></span> 
     </span>
     <span class='ocr_line' id='line_1_23' title="bbox 233 2377 1166 2439; baseline 0.004 -15"><span class='ocrx_word' id='word_1_197' title='bbox 233 2377 359 2426; x_wconf 80' lang='lat' dir='ltr'><strong>scribendi</strong></span> <span class='ocrx_word' id='word_1_198' title='bbox 369 2379 468 2427; x_wconf 84' lang='lat' dir='ltr'><strong>ratione</strong></span> <span class='ocrx_word' id='word_1_199' title='bbox 480 2379 614 2438; x_wconf 82' lang='lat' dir='ltr'><strong>Kiessling.</strong></span> <span class='ocrx_word' id='word_1_200' title='bbox 629 2378 660 2426; x_wconf 93' lang='lat' dir='ltr'><strong>de</strong></span> <span class='ocrx_word' id='word_1_201' title='bbox 671 2378 800 2439; x_wconf 84' lang='lat' dir='ltr'>Hyperide</span> <span class='ocrx_word' id='word_1_202' title='bbox 812 2379 916 2426; x_wconf 82' lang='lat' dir='ltr'><strong>Oratore</strong></span> <span class='ocrx_word' id='word_1_203' title='bbox 927 2379 1011 2426; x_wconf 82' lang='lat' dir='ltr'><strong>Attico</strong></span> <span class='ocrx_word' id='word_1_204' title='bbox 1023 2379 1166 2428; x_wconf 78' lang='lat' dir='ltr'><strong>Commeat.</strong></span> 
     </span>
     <span class='ocr_line' id='line_1_24' title="bbox 232 2442 1165 2504; baseline 0.003 -15"><span class='ocrx_word' id='word_1_205' title='bbox 232 2455 275 2502; x_wconf 89' lang='lat' dir='ltr'><strong>pp.</strong></span> <span class='ocrx_word' id='word_1_206' title='bbox 298 2443 401 2500; x_wconf 85' lang='grc'>16-18,</span> <span class='ocrx_word' id='word_1_207' title='bbox 425 2443 496 2503; x_wconf 80' lang='lat' dir='ltr'><strong>eujus</strong></span> <span class='ocrx_word' id='word_1_208' title='bbox 522 2443 639 2503; x_wconf 78' lang='lat' dir='ltr'><strong>opusculi</strong></span> <span class='ocrx_word' id='word_1_209' title='bbox 660 2443 780 2491; x_wconf 76' lang='lat' dir='ltr'><strong>notitiam</strong></span> <span class='ocrx_word' id='word_1_210' title='bbox 800 2442 850 2491; x_wconf 86' lang='lat' dir='ltr'><strong>wiri</strong></span> <span class='ocrx_word' id='word_1_211' title='bbox 877 2442 944 2490; x_wconf 81' lang='lat' dir='ltr'><strong>dooti</strong></span> <span class='ocrx_word' id='word_1_212' title='bbox 972 2442 999 2490; x_wconf 84' lang='lat'><strong>0.</strong></span> <span class='ocrx_word' id='word_1_213' title='bbox 1019 2443 1165 2504; x_wconf 84' lang='lat' dir='ltr'><strong>Babington</strong></span> 
     </span>
     <span class='ocr_line' id='line_1_25' title="bbox 232 2505 1169 2570; baseline 0.004 -18"><span class='ocrx_word' id='word_1_214' title='bbox 232 2505 388 2554; x_wconf 75' lang='lat' dir='ltr'><strong>humanitati</strong></span> <span class='ocrx_word' id='word_1_215' title='bbox 398 2506 623 2568; x_wconf 77' lang='lat' dir='ltr'><strong>debeol--Inln</strong></span> <span class='ocrx_word' id='word_1_216' title='bbox 637 2510 809 2570; x_wconf 76' lang='grc' dir='ltr'>συμπρέσβεων</span> <span class='ocrx_word' id='word_1_217' title='bbox 819 2507 844 2554; x_wconf 89' lang='lat' dir='ltr'><strong>k.</strong></span> <span class='ocrx_word' id='word_1_218' title='bbox 853 2511 897 2556; x_wconf 71' lang='lat' dir='ltr'><strong>am.</strong></span> <span class='ocrx_word' id='word_1_219' title='bbox 907 2511 947 2556; x_wconf 69' lang='lat' dir='ltr'><strong>dm.</strong></span> <span class='ocrx_word' id='word_1_220' title='bbox 955 2507 995 2555; x_wconf 62' lang='grc' dir='ltr'><strong>ΔΙ.</strong></span> <span class='ocrx_word' id='word_1_221' title='bbox 1005 2508 1078 2556; x_wconf 83' lang='lat' dir='ltr'><strong>Harl.</strong></span> <span class='ocrx_word' id='word_1_222' title='bbox 1108 2509 1169 2556; x_wconf 81' lang='lat' dir='ltr'><strong>Mox</strong></span> 
     </span>
     <span class='ocr_line' id='line_1_26' title="bbox 233 2571 731 2620; baseline -0.002 -1"><span class='ocrx_word' id='word_1_223' title='bbox 233 2571 286 2620; x_wconf 86' lang='grc' dir='ltr'>καθ’</span> <span class='ocrx_word' id='word_1_224' title='bbox 298 2572 368 2618; x_wconf 82' lang='grc' dir='ltr'>αὑτὸν</span> <span class='ocrx_word' id='word_1_225' title='bbox 380 2571 403 2619; x_wconf 89' lang='lat' dir='ltr'><strong>S.</strong></span> <span class='ocrx_word' id='word_1_226' title='bbox 416 2571 494 2618; x_wconf 80' lang='lat' dir='ltr'><strong>Dmn.</strong></span> <span class='ocrx_word' id='word_1_227' title='bbox 507 2571 591 2618; x_wconf 76' lang='lat' dir='ltr'><strong>Venia.</strong></span> <span class='ocrx_word' id='word_1_228' title='bbox 603 2572 686 2619; x_wconf 80' lang='lat' dir='ltr'><strong>Bwnn.</strong></span> <span class='ocrx_word' id='word_1_229' title='bbox 699 2573 731 2618; x_wconf 81' lang='lat' dir='ltr'><strong>et.</strong></span> 
     </span>
    </p>

    <p class='ocr_par' dir='ltr' id='par_1_7' title="bbox 233 2635 1168 2876">
     <span class='ocr_line' id='line_1_27' title="bbox 282 2635 1168 2698; baseline 0.007 -18"><span class='ocrx_word' id='word_1_230' title='bbox 282 2637 295 2693; x_wconf 64' lang='grc' dir='ltr'><strong>ἓ</strong></span> <span class='ocrx_word' id='word_1_231' title='bbox 314 2635 367 2684; x_wconf 79' lang='lat'><strong>127.</strong></span> <span class='ocrx_word' id='word_1_232' title='bbox 404 2635 465 2682; x_wconf 83' lang='lat' dir='ltr'><strong>Post</strong></span> <span class='ocrx_word' id='word_1_233' title='bbox 487 2637 652 2697; x_wconf 80' lang='grc' dir='ltr'>Φιλοκράτους,</span> <span class='ocrx_word' id='word_1_234' title='bbox 679 2637 786 2695; x_wconf 77' lang='grc' dir='ltr'>εἰρημένα</span> <span class='ocrx_word' id='word_1_235' title='bbox 807 2654 847 2698; x_wconf 76' lang='grc' dir='ltr'><strong>ηρ.</strong></span> <span class='ocrx_word' id='word_1_236' title='bbox 876 2635 902 2684; x_wconf 84' lang='lat' dir='ltr'><strong>S.</strong></span> <span class='ocrx_word' id='word_1_237' title='bbox 923 2635 1168 2697; x_wconf 65' lang='lat' dir='ltr'><strong>Q.—uoiiioovra</strong></span> 
     </span>
     <span class='ocr_line' id='line_1_28' title="bbox 234 2697 1168 2762; baseline 0.003 -16"><span class='ocrx_word' id='word_1_238' title='bbox 234 2697 263 2746; x_wconf 92' lang='lat'><strong>0.</strong></span> <span class='ocrx_word' id='word_1_239' title='bbox 275 2698 299 2745; x_wconf 82' lang='lat' dir='ltr'><strong>k.</strong></span> <span class='ocrx_word' id='word_1_240' title='bbox 309 2712 329 2744; x_wconf 88' lang='lat' dir='ltr'><strong>r.</strong></span> <span class='ocrx_word' id='word_1_241' title='bbox 338 2700 356 2745; x_wconf 91' lang='lat' dir='ltr'><strong>t.</strong></span> <span class='ocrx_word' id='word_1_242' title='bbox 366 2713 390 2748; x_wconf 87' lang='lat' dir='ltr'><strong>u.</strong></span> <span class='ocrx_word' id='word_1_243' title='bbox 400 2713 424 2745; x_wconf 89' lang='lat' dir='ltr'><strong>v.</strong></span> <span class='ocrx_word' id='word_1_244' title='bbox 433 2699 473 2748; x_wconf 56' lang='grc' dir='ltr'><strong>ΑΙ.</strong></span> <span class='ocrx_word' id='word_1_245' title='bbox 483 2698 523 2746; x_wconf 68' lang='lat' dir='ltr'><strong>Al.</strong></span> <span class='ocrx_word' id='word_1_246' title='bbox 531 2699 562 2746; x_wconf 91' lang='lat' dir='ltr'><strong>B.</strong></span> <span class='ocrx_word' id='word_1_247' title='bbox 581 2699 680 2747; x_wconf 81' lang='lat' dir='ltr'><strong>solenni</strong></span> <span class='ocrx_word' id='word_1_248' title='bbox 695 2699 852 2757; x_wconf 81' lang='lat' dir='ltr'><strong>confusione,</strong></span> <span class='ocrx_word' id='word_1_249' title='bbox 869 2699 921 2747; x_wconf 84' lang='lat' dir='ltr'><strong>wid.</strong></span> <span class='ocrx_word' id='word_1_250' title='bbox 937 2704 949 2760; x_wconf 66' lang='grc' dir='ltr'>ξ</span> <span class='ocrx_word' id='word_1_251' title='bbox 962 2701 999 2750; x_wconf 85' lang='grc'><strong>91.</strong></span> <span class='ocrx_word' id='word_1_252' title='bbox 1037 2702 1097 2748; x_wconf 88' lang='lat' dir='ltr'><strong>Mox</strong></span> <span class='ocrx_word' id='word_1_253' title='bbox 1114 2703 1168 2762; x_wconf 91' lang='lat' dir='ltr'><strong>(pro</strong></span> 
     </span>
     <span class='ocr_line' id='line_1_29' title="bbox 233 2762 1167 2826; baseline 0.003 -16"><span class='ocrx_word' id='word_1_254' title='bbox 233 2762 290 2824; x_wconf 69' lang='grc' dir='ltr'>γάρ)</span> <span class='ocrx_word' id='word_1_255' title='bbox 304 2765 342 2810; x_wconf 79' lang='grc' dir='ltr'>καὶ</span> <span class='ocrx_word' id='word_1_256' title='bbox 353 2762 382 2809; x_wconf 87' lang='lat' dir='ltr'><strong>F.</strong></span> <span class='ocrx_word' id='word_1_257' title='bbox 390 2762 420 2809; x_wconf 87' lang='lat' dir='ltr'><strong>Y.</strong></span> <span class='ocrx_word' id='word_1_258' title='bbox 430 2762 459 2822; x_wconf 82' lang='lat' dir='ltr'><strong>Q.</strong></span> <span class='ocrx_word' id='word_1_259' title='bbox 468 2763 486 2811; x_wconf 91' lang='lat' dir='ltr'><strong>t.</strong></span> <span class='ocrx_word' id='word_1_260' title='bbox 494 2777 520 2811; x_wconf 88' lang='lat' dir='ltr'><strong>u.</strong></span> <span class='ocrx_word' id='word_1_261' title='bbox 530 2777 553 2811; x_wconf 87' lang='lat' dir='ltr'><strong>w.</strong></span> <span class='ocrx_word' id='word_1_262' title='bbox 574 2767 622 2826; x_wconf 73' lang='grc' dir='ltr'><strong>γὰρ</strong></span> <span class='ocrx_word' id='word_1_263' title='bbox 634 2767 673 2813; x_wconf 79' lang='grc' dir='ltr'>καὶ</span> <span class='ocrx_word' id='word_1_264' title='bbox 685 2763 737 2811; x_wconf 88' lang='lat' dir='ltr'><strong>alii.</strong></span> <span class='ocrx_word' id='word_1_265' title='bbox 754 2767 803 2826; x_wconf 78' lang='grc' dir='ltr'><strong>γὰρ</strong></span> <span class='ocrx_word' id='word_1_266' title='bbox 813 2778 864 2812; x_wconf 92' lang='lat' dir='ltr'><strong>om.</strong></span> <span class='ocrx_word' id='word_1_267' title='bbox 878 2763 904 2814; x_wconf 82' lang='lat' dir='ltr'><strong>S.</strong></span> <span class='ocrx_word' id='word_1_268' title='bbox 923 2765 972 2814; x_wconf 84' lang='lat' dir='ltr'><strong>En.</strong></span> <span class='ocrx_word' id='word_1_269' title='bbox 987 2764 1078 2813; x_wconf 79' lang='lat' dir='ltr'><strong>Tuam.</strong></span> <span class='ocrx_word' id='word_1_270' title='bbox 1088 2767 1167 2814; x_wconf 80' lang='lat' dir='ltr'><strong>Dum.</strong></span> 
     </span>
     <span class='ocr_line' id='line_1_30' title="bbox 234 2825 458 2876; baseline 0.004 -2"><span class='ocrx_word' id='word_1_271' title='bbox 234 2825 319 2875; x_wconf 80' lang='lat' dir='ltr'><strong>Vonw.</strong></span> <span class='ocrx_word' id='word_1_272' title='bbox 333 2827 414 2874; x_wconf 78' lang='lat' dir='ltr'><strong>anw.</strong></span> <span class='ocrx_word' id='word_1_273' title='bbox 428 2829 458 2876; x_wconf 82' lang='lat' dir='ltr'><strong>st.</strong></span> 
     </span>
    </p>

    <p class='ocr_par' dir='ltr' id='par_1_8' title="bbox 233 2889 1169 3017">
     <span class='ocr_line' id='line_1_31' title="bbox 282 2889 1167 2954; baseline 0.007 -18"><span class='ocrx_word' id='word_1_274' title='bbox 282 2890 364 2949; x_wconf 65' lang='lat'>5128.</span> <span class='ocrx_word' id='word_1_275' title='bbox 399 2893 463 2939; x_wconf 84' lang='grc' dir='ltr'>ἔστιν</span> <span class='ocrx_word' id='word_1_276' title='bbox 485 2889 510 2940; x_wconf 81' lang='lat' dir='ltr'><strong>S.</strong></span> <span class='ocrx_word' id='word_1_277' title='bbox 530 2891 597 2952; x_wconf 82' lang='lat' dir='ltr'><strong>vulg.</strong></span> <span class='ocrx_word' id='word_1_278' title='bbox 610 2893 679 2940; x_wconf 81' lang='lat' dir='ltr'><strong>&#39;ante</strong></span> <span class='ocrx_word' id='word_1_279' title='bbox 700 2891 785 2940; x_wconf 85' lang='lat' dir='ltr'><strong>Reisk.</strong></span> <span class='ocrx_word' id='word_1_280' title='bbox 814 2892 898 2940; x_wconf 72' lang='lat' dir='ltr'><strong>Banu.</strong></span> <span class='ocrx_word' id='word_1_281' title='bbox 922 2893 955 2940; x_wconf 85' lang='lat' dir='ltr'><strong>at.</strong></span> <span class='ocrx_word' id='word_1_282' title='bbox 989 2893 1068 2954; x_wconf 78' lang='grc' dir='ltr'>[ἐστὶν</span> <span class='ocrx_word' id='word_1_283' title='bbox 1088 2893 1167 2942; x_wconf 86' lang='lat' dir='ltr'><strong>D1wa.</strong></span> 
     </span>
     <span class='ocr_line' id='line_1_32' title="bbox 233 2954 1169 3017; baseline 0.006 -15"><span class='ocrx_word' id='word_1_284' title='bbox 233 2954 329 3016; x_wconf 71' lang='lat' dir='ltr'><strong>Venia]</strong></span> <span class='ocrx_word' id='word_1_285' title='bbox 362 2955 583 3005; x_wconf 75' lang='lat' dir='ltr'><strong>Revocavihodie.</strong></span> <span class='ocrx_word' id='word_1_286' title='bbox 617 2957 731 3017; x_wconf 78' lang='grc' dir='ltr'>κηδεστής</span> <span class='ocrx_word' id='word_1_287' title='bbox 753 2960 818 3005; x_wconf 80' lang='grc' dir='ltr'>ἐστιν</span> <span class='ocrx_word' id='word_1_288' title='bbox 838 2959 931 3007; x_wconf 81' lang='grc' dir='ltr'>ἐκεῖνος.</span> <span class='ocrx_word' id='word_1_289' title='bbox 966 2956 1169 3009; x_wconf 76' lang='lat' dir='ltr'><strong>S.En.Tua10.</strong></span> 
     </span>
    </p>
   </div>
   <div class='ocr_carea' id='block_1_4' title="bbox 232 3109 1171 3753">
    <p class='ocr_par' dir='ltr' id='par_1_9' title="bbox 232 3109 1171 3743">
     <span class='ocr_line' id='line_1_33' title="bbox 233 3109 1171 3176; baseline 0.009 -17"><span class='ocrx_word' id='word_1_290' title='bbox 233 3124 296 3160; x_wconf 84' lang='lat' dir='ltr'><strong>were</strong></span> <span class='ocrx_word' id='word_1_291' title='bbox 307 3111 353 3173; x_wconf 92' lang='lat' dir='ltr'><strong>put</strong></span> <span class='ocrx_word' id='word_1_292' title='bbox 370 3112 396 3158; x_wconf 90' lang='lat' dir='ltr'><strong>to</strong></span> <span class='ocrx_word' id='word_1_293' title='bbox 412 3109 488 3158; x_wconf 81' lang='lat' dir='ltr'><strong>death</strong></span> <span class='ocrx_word' id='word_1_294' title='bbox 504 3112 531 3159; x_wconf 91' lang='lat' dir='ltr'><strong>at</strong></span> <span class='ocrx_word' id='word_1_295' title='bbox 545 3111 590 3159; x_wconf 88' lang='lat' dir='ltr'><strong>the</strong></span> <span class='ocrx_word' id='word_1_296' title='bbox 607 3126 676 3160; x_wconf 81' lang='lat' dir='ltr'><strong>same</strong></span> <span class='ocrx_word' id='word_1_297' title='bbox 759 3115 815 3164; x_wconf 83' lang='lat'><strong>377.</strong></span> <span class='ocrx_word' id='word_1_298' title='bbox 848 3116 935 3173; x_wconf 62' lang='lat'>5128.</span> <span class='ocrx_word' id='word_1_299' title='bbox 963 3116 1000 3175; x_wconf 76' lang='grc' dir='ltr'><em>τῷ</em></span> <span class='ocrx_word' id='word_1_300' title='bbox 1014 3117 1040 3164; x_wconf 74' lang='grc' dir='ltr'><strong>δὲ</strong></span> <span class='ocrx_word' id='word_1_301' title='bbox 1055 3118 1171 3176; x_wconf 72' lang='grc' dir='ltr'>κηδεστὴς</span> 
     </span>
     <span class='ocr_line' id='line_1_34' title="bbox 233 3174 1170 3240; baseline 0.009 -18"><span class='ocrx_word' id='word_1_302' title='bbox 233 3175 296 3223; x_wconf 88' lang='lat' dir='ltr'><strong>time</strong></span> <span class='ocrx_word' id='word_1_303' title='bbox 334 3175 368 3237; x_wconf 86' lang='lat' dir='ltr'><strong>by</strong></span> <span class='ocrx_word' id='word_1_304' title='bbox 400 3174 554 3235; x_wconf 79' lang='lat' dir='ltr'><strong>Antipater’a</strong></span> <span class='ocrx_word' id='word_1_305' title='bbox 580 3175 672 3226; x_wconf 82' lang='lat' dir='ltr'><strong>orders.</strong></span> <span class='ocrx_word' id='word_1_306' title='bbox 727 3175 757 3236; x_wconf 84' lang='grc' dir='ltr'><strong>ἦν</strong></span> <span class='ocrx_word' id='word_1_307' title='bbox 768 3177 826 3240; x_wconf 81' lang='grc' dir='ltr'>ἐκεῖ]</span> <span class='ocrx_word' id='word_1_308' title='bbox 846 3184 859 3206; x_wconf 87' lang='grc'><em>“</em></span> <span class='ocrx_word' id='word_1_309' title='bbox 869 3177 982 3226; x_wconf 86' lang='lat' dir='ltr'><strong>Another</strong></span> <span class='ocrx_word' id='word_1_310' title='bbox 999 3178 1052 3227; x_wconf 83' lang='lat' dir='ltr'><strong>had</strong></span> <span class='ocrx_word' id='word_1_311' title='bbox 1069 3195 1084 3227; x_wconf 86' lang='lat' dir='ltr'><strong>a</strong></span> <span class='ocrx_word' id='word_1_312' title='bbox 1101 3195 1170 3230; x_wconf 86' lang='lat' dir='ltr'><strong>mar-</strong></span> 
     </span>
     <span class='ocr_line' id='line_1_35' title="bbox 234 3238 1170 3302; baseline 0.006 -15"><span class='ocrx_word' id='word_1_313' title='bbox 234 3238 336 3287; x_wconf 78' lang='lat' dir='ltr'><strong>Thirlw.</strong></span> <span class='ocrx_word' id='word_1_314' title='bbox 353 3254 399 3288; x_wconf 88' lang='lat' dir='ltr'><strong>vn.</strong></span> <span class='ocrx_word' id='word_1_315' title='bbox 421 3240 467 3292; x_wconf 83' lang='lat'><strong>195</strong></span> <span class='ocrx_word' id='word_1_316' title='bbox 479 3240 677 3302; x_wconf 66' lang='lat' dir='ltr'><strong>solt-olonae</strong></span> <span class='ocrx_word' id='word_1_317' title='bbox 725 3242 956 3302; x_wconf 71' lang='lat' dir='ltr'><strong>mage-eonneotmn</strong></span> <span class='ocrx_word' id='word_1_318' title='bbox 974 3242 1003 3291; x_wconf 88' lang='lat' dir='ltr'><strong>in</strong></span> <span class='ocrx_word' id='word_1_319' title='bbox 1020 3243 1170 3294; x_wconf 80' lang='lat' dir='ltr'><strong>Macedonia</strong></span> 
     </span>
     <span class='ocr_line' id='line_1_36' title="bbox 234 3303 1170 3366; baseline 0.005 -14"><span class='ocrx_word' id='word_1_320' title='bbox 234 3304 264 3352; x_wconf 75' lang='grc' dir='ltr'><strong>ἄν</strong></span> <span class='ocrx_word' id='word_1_321' title='bbox 274 3305 385 3365; x_wconf 82' lang='grc' dir='ltr'>φανῆναι]</span> <span class='ocrx_word' id='word_1_322' title='bbox 409 3303 514 3351; x_wconf 85' lang='lat' dir='ltr'><strong>“would</strong></span> <span class='ocrx_word' id='word_1_323' title='bbox 531 3303 595 3352; x_wconf 84' lang='lat' dir='ltr'><strong>have</strong></span> <span class='ocrx_word' id='word_1_324' title='bbox 613 3304 677 3352; x_wconf 88' lang='lat' dir='ltr'><strong>been</strong></span> <span class='ocrx_word' id='word_1_325' title='bbox 728 3305 785 3366; x_wconf 87' lang='lat' dir='ltr'><strong>(and</strong></span> <span class='ocrx_word' id='word_1_326' title='bbox 813 3305 939 3354; x_wconf 81' lang='lat' dir='ltr'><strong>therefore</strong></span> <span class='ocrx_word' id='word_1_327' title='bbox 965 3317 1017 3354; x_wconf 75' lang='grc' dir='ltr'>παι</span> <span class='ocrx_word' id='word_1_328' title='bbox 1038 3308 1122 3357; x_wconf 78' lang='lat' dir='ltr'><strong>afraid</strong></span> <span class='ocrx_word' id='word_1_329' title='bbox 1143 3310 1170 3358; x_wconf 84' lang='lat' dir='ltr'><strong>oi</strong></span> 
     </span>
     <span class='ocr_line' id='line_1_37' title="bbox 233 3367 1170 3433; baseline 0.006 -18"><span class='ocrx_word' id='word_1_330' title='bbox 233 3367 295 3415; x_wconf 89' lang='lat' dir='ltr'><strong>held</strong></span> <span class='ocrx_word' id='word_1_331' title='bbox 316 3367 345 3416; x_wconf 89' lang='lat' dir='ltr'><strong>in</strong></span> <span class='ocrx_word' id='word_1_332' title='bbox 365 3383 400 3415; x_wconf 92' lang='lat' dir='ltr'><strong>no</strong></span> <span class='ocrx_word' id='word_1_333' title='bbox 419 3367 573 3424; x_wconf 82' lang='lat' dir='ltr'><strong>estimation,</strong></span> <span class='ocrx_word' id='word_1_334' title='bbox 593 3369 676 3416; x_wconf 91' lang='lat' dir='ltr'><strong>would</strong></span> <span class='ocrx_word' id='word_1_335' title='bbox 725 3369 1170 3433; x_wconf 80' lang='lat' dir='ltr'><strong>Philip&#39;awreakinghiawengeanoe</strong></span> 
     </span>
     <span class='ocr_line' id='line_1_38' title="bbox 232 3431 1168 3499; baseline 0.006 -20"><span class='ocrx_word' id='word_1_336' title='bbox 232 3431 298 3479; x_wconf 85' lang='lat' dir='ltr'><strong>have</strong></span> <span class='ocrx_word' id='word_1_337' title='bbox 309 3431 371 3480; x_wconf 88' lang='lat' dir='ltr'><strong>been</strong></span> <span class='ocrx_word' id='word_1_338' title='bbox 382 3431 492 3492; x_wconf 84' lang='lat' dir='ltr'><strong>thought</strong></span> <span class='ocrx_word' id='word_1_339' title='bbox 502 3433 611 3493; x_wconf 83' lang='lat' dir='ltr'><strong>nothing</strong></span> <span class='ocrx_word' id='word_1_340' title='bbox 622 3434 673 3481; x_wconf 87' lang='lat' dir='ltr'><strong>oi.”</strong></span> <span class='ocrx_word' id='word_1_341' title='bbox 725 3448 795 3494; x_wconf 88' lang='lat' dir='ltr'><strong>upon</strong></span> <span class='ocrx_word' id='word_1_342' title='bbox 806 3434 999 3499; x_wconf 84' lang='lat' dir='ltr'><strong>hiarelatiwe).&#39;&#39;</strong></span> <span class='ocrx_word' id='word_1_343' title='bbox 1032 3436 1111 3485; x_wconf 88' lang='lat' dir='ltr'><strong>What</strong></span> <span class='ocrx_word' id='word_1_344' title='bbox 1122 3437 1168 3486; x_wconf 90' lang='lat' dir='ltr'><strong>the</strong></span> 
     </span>
     <span class='ocr_line' id='line_1_39' title="bbox 234 3495 1169 3558; baseline 0.009 -14"><span class='ocrx_word' id='word_1_345' title='bbox 234 3495 281 3544; x_wconf 82' lang='lat' dir='ltr'><strong>See</strong></span> <span class='ocrx_word' id='word_1_346' title='bbox 290 3495 320 3542; x_wconf 88' lang='lat' dir='ltr'><strong>de</strong></span> <span class='ocrx_word' id='word_1_347' title='bbox 336 3497 426 3544; x_wconf 75' lang='lat' dir='ltr'><strong>Goion.</strong></span> <span class='ocrx_word' id='word_1_348' title='bbox 436 3511 461 3557; x_wconf 95' lang='lat' dir='ltr'><strong>p.</strong></span> <span class='ocrx_word' id='word_1_349' title='bbox 474 3498 522 3545; x_wconf 82' lang='lat'><strong>328</strong></span> <span class='ocrx_word' id='word_1_350' title='bbox 533 3500 545 3557; x_wconf 67' lang='grc' dir='ltr'><strong>ξ</strong></span> <span class='ocrx_word' id='word_1_351' title='bbox 557 3497 611 3556; x_wconf 88' lang='grc'>310,</span> <span class='ocrx_word' id='word_1_352' title='bbox 624 3497 675 3545; x_wconf 87' lang='lat' dir='ltr'><strong>and</strong></span> <span class='ocrx_word' id='word_1_353' title='bbox 724 3499 821 3558; x_wconf 84' lang='lat' dir='ltr'><strong>prouisa</strong></span> <span class='ocrx_word' id='word_1_354' title='bbox 832 3498 952 3558; x_wconf 85' lang='lat' dir='ltr'><strong>meaning</strong></span> <span class='ocrx_word' id='word_1_355' title='bbox 966 3499 993 3546; x_wconf 80' lang='lat' dir='ltr'><strong>oi</strong></span> <span class='ocrx_word' id='word_1_356' title='bbox 1002 3498 1074 3548; x_wconf 85' lang='lat' dir='ltr'><strong>these</strong></span> <span class='ocrx_word' id='word_1_357' title='bbox 1087 3502 1169 3552; x_wconf 85' lang='lat' dir='ltr'><strong>words</strong></span> 
     </span>
     <span class='ocr_line' id='line_1_40' title="bbox 233 3559 1169 3620; baseline 0.01 -14"><span class='ocrx_word' id='word_1_358' title='bbox 233 3559 402 3620; x_wconf 82' lang='lat' dir='ltr'><strong>Wyttenbaoh</strong></span> <span class='ocrx_word' id='word_1_359' title='bbox 429 3575 463 3607; x_wconf 92' lang='lat' dir='ltr'><strong>on</strong></span> <span class='ocrx_word' id='word_1_360' title='bbox 489 3561 555 3608; x_wconf 86' lang='lat' dir='ltr'><strong>Plat.</strong></span> <span class='ocrx_word' id='word_1_361' title='bbox 579 3561 674 3609; x_wconf 88' lang='lat' dir='ltr'><strong>Phaod.</strong></span> <span class='ocrx_word' id='word_1_362' title='bbox 724 3562 900 3611; x_wconf 86' lang='lat' dir='ltr'><strong>isweeannot</strong></span> <span class='ocrx_word' id='word_1_363' title='bbox 914 3563 960 3620; x_wconf 87' lang='lat' dir='ltr'><strong>tell</strong></span> <span class='ocrx_word' id='word_1_364' title='bbox 975 3563 1084 3612; x_wconf 87' lang='lat' dir='ltr'><strong>without</strong></span> <span class='ocrx_word' id='word_1_365' title='bbox 1099 3581 1169 3615; x_wconf 86' lang='lat' dir='ltr'><strong>mora</strong></span> 
     </span>
     <span class='ocr_line' id='line_1_41' title="bbox 233 3622 1169 3743; baseline 0.01 -72"><span class='ocrx_word' id='word_1_366' title='bbox 233 3624 311 3736; x_wconf 48' lang='lat'><strong>{3673</strong></span> <span class='ocrx_word' id='word_1_367' title='bbox 324 3623 392 3682; x_wconf 81' lang='lat' dir='ltr'>0‚0r</span> <span class='ocrx_word' id='word_1_368' title='bbox 406 3623 532 3673; x_wconf 82' lang='lat' dir='ltr'><strong>Heindorf</strong></span> <span class='ocrx_word' id='word_1_369' title='bbox 548 3640 582 3674; x_wconf 90' lang='lat' dir='ltr'><strong>on</strong></span> <span class='ocrx_word' id='word_1_370' title='bbox 597 3626 671 3687; x_wconf 82' lang='lat' dir='ltr'><strong>Gorg.</strong></span> <span class='ocrx_word' id='word_1_371' title='bbox 723 3623 900 3739; x_wconf 49' lang='lat' dir='ltr'><strong>in&#39;iormafion.</strong></span> <span class='ocrx_word' id='word_1_372' title='bbox 925 3622 1169 3743; x_wconf 50' lang='grc' dir='ltr'>ἑρουηοίτοὲηεφρς</span> 
     </span>
    </p>

    <p class='ocr_par' dir='ltr' id='par_1_10' title="bbox 314 3704 1168 3753">
     <span class='ocr_line' id='line_1_42' title="bbox 314 3704 1168 3753; baseline 0.011 -20"><span class='ocrx_word' id='word_1_373' title='bbox 314 3719 320 3733; x_wconf 92' lang='grc'><strong>.</strong></span> <span class='ocrx_word' id='word_1_374' title='bbox 723 3704 746 3740; x_wconf 80' lang='lat' dir='ltr'><strong>ia</strong></span> <span class='ocrx_word' id='word_1_375' title='bbox 765 3705 911 3753; x_wconf 83' lang='lat' dir='ltr'><strong>mereyan</strong></span> <span class='ocrx_word' id='word_1_376' title='bbox 962 3706 1095 3742; x_wconf 80' lang='lat' dir='ltr'><strong>eraiono</strong></span> <span class='ocrx_word' id='word_1_377' title='bbox 1153 3709 1168 3745; x_wconf 91' lang='lat' dir='ltr'><strong>o</strong></span> 
     </span>
    </p>
   </div>
   <div class='ocr_carea' id='block_1_5' title="bbox 0 0 1318 4194">
    <p class='ocr_par' dir='ltr' id='par_1_11' title="bbox 0 0 1318 4194">
     <span class='ocr_line' id='line_1_43' title="bbox 0 0 1318 4194; baseline 0 0"><span class='ocrx_word' id='word_1_378' title='bbox 0 0 1318 4194; x_wconf 95' lang='lat' dir='ltr'><strong> </strong></span> 
     </span>
    </p>
   </div>
  </div>
 </body>
</html>
