2654 4202
259 234 321 300 148
564 232 882 300 DEMOSTHENIS

257 382 450 472 πεπρακότα,
474 382 558 470 δῶρα
579 383 703 472 ἔχοντα,
726 384 814 450 οὐδὲν
837 382 1050 450 ἐλλελοιπότα
1071 385 1196 475 μοχθη-

255 488 336 572 ρίας.
378 483 489 550 οὐκοῦν
509 483 597 549 ταῦθ’
620 482 807 570 ὑπεσχόμην
829 484 862 547 ἐν
887 480 982 570 ἀρχῇ,
1004 481 1093 548 ταῦτ’
1120 485 1193 548 ἐπέ-

188 597 243 658 179
257 589 351 672 δειξα.
395 587 490 673 όρᾶτε
508 585 613 652 τοίνυν
629 586 671 652 τὰ
683 585 764 669 μετὰ
777 590 886 651 ταῦτα·
909 585 1032 655 ἁπλοῦς
1045 585 1110 673 γάρ
1125 585 1195 652 ἐσθ’
1211 596 1261 670 198

256 690 273 757 o‘
292 690 421 773 μέλλων
442 688 537 770 λόγος
557 687 666 752 οὑτοσὶ
685 687 764 772 πρὸς
786 687 867 770 ὑμᾶς
889 686 959 767 ἤδη.
1003 685 1196 769 ὀμωμόκατε

254 791 450 879 ψηφιεῖσθαι
470 789 550 854 κατὰ
571 787 642 858 τοὺς
664 788 775 869 νόμους
796 788 850 852 καὶ
871 788 913 852 τὰ
930 788 1133 873 ψηφίσματα
1152 788 1197 854 τὰ

255 900 313 961 τοῦ
327 894 425 976 δήμου
439 892 492 957 καὶ
507 894 561 972 τῆς
575 892 697 971 βουλῆς
714 893 777 954 τῶν
796 890 1023 956 πεντακοσίων·
1046 891 1195 974 φαίνεται

253 993 281 1059 δ’
296 992 384 1064 οὗτος
404 991 510 1057 πάντα
526 989 678 1056 τάναντία
697 993 761 1060 τοῖς
775 989 888 1072 νόμοις,
903 995 968 1061 τοῖς
983 991 1193 1076 ψηφίσμασι,

253 1100 319 1166 τοῖς
342 1094 472 1164 δικαίοις
495 1091 752 1178 πεπρεσβευκώς·
778 1091 889 1157 οὐκοῦν
910 1092 1066 1174 ἡλωκέναι
1089 1120 1195 1177 προσ-

252 1198 322 1278 ήκει
344 1196 492 1282 παράγε
515 1199 587 1260 νοῦν
613 1193 725 1280 έχουσι
747 1193 919 1264 δικασταῖς.
964 1195 992 1261 εἰ
1016 1195 1077 1280 γὰρ
1104 1195 1194 1262 ἄλλο
1210 1224 1258 1280 199

252 1301 348 1384 μηδὲν
369 1299 476 1381 ἠδίκει,
492 1298 545 1363 δόο
566 1301 629 1363 τῶν
649 1296 879 1381 πεπραγμένων
901 1298 967 1362 ἔσθ’
984 1297 1076 1364 ἱκανὰ
1095 1298 1193 1366 αὐτόν

252 1402 444 1468 ἀποκτεῖναι·
467 1401 501 1466 οὐ
522 1400 584 1487 γὰρ
605 1399 700 1482 μόνον
721 1399 852 1471 Φωκέας
874 1399 962 1465 ἀλλὰ
981 1401 1036 1466 καὶ
1057 1401 1192 1488 Θρᾴκην

185 1511 239 1567 180
252 1505 429 1592 προδέδωκε
452 1504 616 1589 Φιλίππῳ.
661 1502 763 1568 καίτοι
786 1501 839 1568 δύο
861 1503 1118 1589 χρησιμωτέρους
1139 1504 1193 1570 τό·

252 1635 332 1678 πους
355 1611 410 1690 τῆς
431 1606 610 1688 οἰκουμένης
633 1605 695 1671 οὐδ’
720 1604 761 1671 ἂν
783 1604 827 1675 είς
850 1605 1003 1688 ἐπιδείξαι
1025 1610 1065 1691 τῇ
1085 1609 1192 1685 πόλει,

252 1708 334 1775 κατὰ
346 1709 404 1794 μὲν
418 1712 477 1792 γῆν
493 1712 618 1786 Πυλῶν,
635 1710 671 1773 ἐκ
685 1708 845 1787 θαλάττης
860 1707 894 1772 δέ
913 1710 969 1772 τοῦ
983 1707 1194 1789 Ἑλλησπόν·

252 1857 279 1904 p.
295 1843 352 1892 280.
387 1842 547 1903 Aetipulotur
567 1841 633 1891 mihi
656 1841 741 1891 Vonrr.
762 1841 870 1890 “Multo
892 1841 975 1903 magle
997 1841 1107 1892 oratorie
1131 1857 1192 1894 con-

252 1905 563 1967 lomacestrepecitior’
1057 1965 1059 1970 Ι

300 1971 380 2031 5198.
416 1970 503 2018 (lebet.
520 1969 553 2018 ed
570 1969 666 2031 Hyper.
685 1969 795 2020 Funebr.
814 1984 840 2031 p.
859 1970 889 2020 72
908 1969 979 2031 iubet
991 1969 1016 2020 11
1031 1970 1049 2020 l
1067 1972 1161 2032 reponi
1179 1975 1193 2023 1

252 2037 347 2096 μέλλων
356 2036 501 2098 ῥηθήσεσθαι
515 2032 596 2095 λόγος,
608 2036 633 2082 01
644 2033 673 2081 111
689 2034 790 2094 Leptin.
810 2048 836 2095 p.
854 2035 911 2091 479,
930 2036 945 2085 7
964 2037 992 2084 τὸ
1009 2037 1098 2094 μέλλον
1116 2037 1190 2098 ῥηθή-

254 2102 447 2162 σεσθαίμκούσῃ.
480 2097 573 2158 “Quid
590 2097 624 2146 sit
636 2099 648 2148 ό
661 2099 757 2158 μέλλων
773 2100 855 2161 χρόνος
868 2097 986 2146 novimus
1006 2100 1031 2146 et
1048 2102 1077 2148 τὸ
1097 2104 1192 2158 μέλλον

255 2166 382 2226 φοβεῖσθαι
403 2165 428 2210 01
446 2161 541 2211 eimilio
561 2162 656 2220 omnia,
685 2161 729 2211 sed
751 2163 764 2211 ό
785 2166 880 2221 μέλλων
902 2164 974 2224 λόγος
995 2165 1020 2212 01
1043 2165 1136 2212 ἀκούειν
1161 2168 1191 2215 τό

251 2229 340 2288 μέλλον
356 2241 438 2288 neque
453 2225 585 2290 dr‘ci‘eolet
607 2240 689 2288 neque
713 2226 824 2287 intelligi
850 2226 960 2288 poteet.'’
991 2227 1103 2277 Voemel.
1126 2228 1191 2278 citet

196 2345 198 2350 A
253 2292 332 2340 Thuc.
344 2306 378 2341 11.
401 2292 433 2343 76
451 2293 504 2340 τοὺς
524 2294 661 2350 μέλλοντας
683 2290 724 2340 ἀπ’
747 2290 824 2340 αὐτῶν
845 2291 938 2352 λόγους.
979 2290 1051 2354 Addo
1079 2291 1189 2342 Aristot.

252 2355 327 2404 Rhet.
344 2370 384 2406 111.
414 2356 453 2416 17,
477 2355 507 2402 15
526 2357 562 2404 δεῖ
580 2357 619 2405 οῦν
640 2357 721 2418 χώραν
741 2358 817 2404 ποιεῖν
840 2357 919 2415 ἐντῷ
942 2356 1047 2416 ἀκροατῇ
1067 2356 1104 2416 τῷ
1130 2361 1189 2416 μέλ-

207 2431 210 2438 ·
251 2423 319 2469 λοντι
337 2422 410 2481 λόγῳ.
446 2419 611 2480 Appellemue
630 2419 723 2467 iterum
741 2422 849 2480 pettam.
882 2418 945 2466 Eur.
964 2419 1030 2466 Med.
1049 2419 1096 2468 566
1123 2424 1188 2470 τοῖσι

251 2488 380 2543 μέλλουσιν
402 2485 499 2541 τέκνοις,
521 2483 617 2532 Ε10011.
636 2484 683 2532 626
705 2485 751 2545 πρό
773 2484 902 2541 μέλλοντος
917 2481 997 2540 τόκου,
1014 2482 1072 2543 Iph.
1090 2484 1122 2531 A.
1139 2485 1189 2535 998

251 2551 313 2596 τοῖσι
324 2551 453 2606 μέλλουσιν
468 2549 563 2608 γάμοις,
576 2547 638 2596 1355
654 2550 698 2605 τὴν
708 2549 767 2605 ἐμὴν
782 2548 918 2605 μέλλουσαν
935 2549 1008 2605 εὐνήν,
1022 2549 1086 2596 1380
1099 2549 1144 2598 τός
1160 2567 1189 2598 τε

251 2614 386 2669 μελλούσας
402 2613 525 2672 γυναῖκες.
560 2609 587 2658 Sl
603 2610 632 2657 in
648 2609 690 2658 hie
706 2609 773 2657 nihil
790 2609 884 2658 Graece
902 2609 1038 2658 scientium
1056 2625 1131 2660 auree
1147 2627 1187 2660 re-

252 2674 375 2735 spuerint,
395 2673 486 2734 quidni
502 2678 515 2722 t
531 2675 625 2732 μέλλων
644 2672 716 2734 λόγος
734 2675 784 2732 (the
804 2677 899 2733 ιουιίαρ
909 2681 971 2735 part
987 2675 1017 2736 os
1029 2689 1069 2748 ιαμ
1086 2675 1185 2738 speech)

251 2739 400 2798 accepturae
411 2739 596 2785 erontt-rt
607 2738 675 2797 (post
688 2737 840 2801 ψηφίσματα)
850 2740 936 2786 carent
944 2751 1032 2786 omnes
1043 2737 1104 2786 l1bri
1113 2753 1186 2800 proe-

251 2804 290 2850 ter
302 2802 327 2851 S.
362 2799 427 2848 Add.
439 2801 522 2848 Bnrnr.
534 2801 571 2861 [et
582 2801 625 2861 et]
637 2799 684 2850 En.
704 2802 794 2850 Turno.
811 2801 890 2848 D1rn.
910 2801 993 2850 Vonn.
1029 2801 1096 2850 Sene
1111 2803 1187 2852 locilo

250 2864 363 2916 excidero
386 2864 471 2926 potuit
494 2865 553 2924 poet
574 2881 656 2922 -μιιτα,
696 2864 745 2914 Sed
766 2864 806 2912 bie
822 2864 949 2913 omittitur
967 2865 996 2912 in
1015 2864 1187 2925 Jurejurondc

251 2929 319 2990 quod
335 2928 427 2977 citatur
444 2927 552 2975 Timocr.
569 2942 593 2989 p.
613 2927 660 2978 ’146
676 2932 689 2989 5
708 2929 761 2978 119.
793 2928 885 2990 [Hodie
906 2928 990 2989 recepi
1009 2928 1077 2989 quod
1099 2929 1186 2990 Jurja-

250 2993 360 3042 rondum
375 2991 441 3040 illud
459 2993 604 3051 suspectum
621 2994 860 3054 011.]--ὴλωκέναι
870 2991 898 3042 S.
911 2992 939 3042 Y.
954 2992 979 3039 k.
988 3006 1008 3041 r.
1021 3006 1040 3041 e.
1050 2990 1091 3040 Al.
1110 2994 1186 3042 ἑαλω-

250 3060 315 3107 κέναι
326 3056 402 3116 vulgo
413 3059 438 3104 et
450 3070 511 3104 om.
524 3069 572 3103 sec.
586 3055 611 3106 S.
644 3056 786 3116 Augmento
806 3055 883 3114 Soph.
894 3055 984 3115 Eurip.
996 3069 1050 3102 non
1064 3057 1185 3104 utuntur.

250 3122 355 3186 ἑάλωκεν
367 3121 402 3184 (ἄ)
415 3118 531 3180 Aeschyl.
546 3119 634 3180 Agem.
648 3121 688 3168 30.
723 3117 772 3168 Sed
783 3133 841 3166 cum
853 3118 981 3179 Ar'ietoph.
992 3118 1069 3180 Veep.
1083 3121 1132 3168 355
1144 3121 1187 3168 ὅτε

249 3187 272 3235 N
274 3188 328 3246 α’ξος
339 3185 404 3234 ἑάλω
412 3184 447 3245 (α’)
457 3182 582 3244 praebeat,
593 3185 656 3244 puto
666 3183 757 3231 Aeech.
769 3181 957 3231 restituendum
968 3183 1068 3243 ἥλωκεν,
1080 3187 1111 3232 111
1119 3185 1186 3234 ratio

248 3250 356 3300 metrica
368 3250 475 3298 constet.
510 3249 562 3308 ἥλω
572 3247 649 3298 Hom.
665 3247 710 3298 Od.
724 3261 786 3298 mr.
801 3248 857 3296 190.

247 3373 394 3424 -οὖκοΰν
396 3411 454 3422 ......
458 3373 576 3434 ἐπέδειξα]
602 3371 691 3421 “11110
739 3373 878 3421 statement
889 3370 950 3420 here
966 3371 1019 3420 loid
1035 3371 1121 3422 before
1134 3387 1186 3435 you

248 3440 311 3488 then
321 3439 336 3487 I
346 3436 459 3498 engaged
470 3439 497 3484 1ο
507 3451 583 3498 prove
601 3438 628 3485 ot
646 3437 691 3485 the
738 3437 805 3485 from
814 3436 867 3484 thie
878 3435 975 3497 poinln’

248 3505 332 3551 outeet
344 3502 396 3566 (did
408 3502 512 3562 111011),
529 3501 582 3550 this
592 3501 606 3549 I
617 3515 690 3562 prov·
771 3504 784 3561 5
797 3501 851 3548 199.
886 3500 1033 3561 ἀποκτεῖναι]
1048 3497 1105 3549 The
1114 3514 1185 3550 same

248 3567 305 3616 ed.”
739 3563 799 3612 bold
818 3564 897 3624 figure
913 3563 936 3611 ie
953 3563 1086 3624 employed
1105 3565 1185 3614 obove

281 3630 357 3690 §lte
386 3630 477 3679 ότλοΰς
479 3667 537 3679 ......
540 3629 595 3690 ἤδη]
615 3627 691 3676 “For
738 3627 1008 3687 §lle—nolon
1034 3627 1184 3687 Ἑλλησπόν-

249 3692 463 3754 etreighttorword
488 3692 511 3741 ie
534 3707 577 3754 my
603 3692 690 3740 future
738 3691 790 3754 τοῦ]
818 3693 919 3740 “Thon
941 3691 1125 3754 Thermopylae
1152 3693 1185 3754 by
