2654 4202
228 237 291 299 104
536 233 858 299 nnnosunnuis
930 185 936 196 ’

224 397 299 471 μαθ’
324 395 410 482 αὑτῷ
431 397 464 461 ἐν
488 395 624 477 Θήβαις,
647 396 754 478 ἐπειδὴ
784 399 925 477 Θηβαῖοι
946 395 1024 484 πρὸς
1042 398 1093 482 τῷ
1111 404 1171 477 τήν

227 497 383 562 Βοιωτίαν
397 495 529 563 ἃπασαν
543 497 628 584 ἔχειν
642 497 696 562 καὶ
710 502 765 579 τῆς
780 496 919 563 Φωκέων
933 498 1039 585 χώρας
1055 499 1169 582 εἰγκρα-

225 604 287 670 τεῖς
307 598 467 682 γεγόνασι,
484 603 654 678 τηνικαῦτα
676 599 718 670 εἰς
735 601 835 682 μέσας
854 599 911 671 τὰς
934 601 1048 682 Θήβας
1063 601 1118 666 καὶ
1132 597 1170 667 τὸ

224 703 289 766 τῶν
317 701 472 780 Θηβαίων
494 700 709 788 στρατόπεδον
730 702 880 782 βαδίζειν
901 701 976 768 ἀλλ’
998 700 1095 773 οὕτως
1117 702 1169 768 ἔκ-

226 808 314 890 φρων
332 802 371 885 ἦν
394 802 447 868 καὶ
470 801 543 874 ὅλος
568 803 646 891 πρὸς
666 807 711 891 τῷ
731 805 875 888 λήμματι
898 806 951 871 καὶ
972 809 1017 891 τῷ
1035 803 1168 887 δωροδο-

224 902 351 984 κήματι,
367 902 450 969 ὥστε
463 905 570 971 πάντα
584 910 685 972 ταῦτα
699 905 817 972 ἀνελὼν
831 907 885 972 καὶ
899 907 1041 992 παριδὼν
1055 907 1166 994 ᾤχετο.

156 1017 211 1073 128
290 1005 356 1070 Καὶ
379 1004 521 1072 τοιούτου
544 1011 600 1073 τοῦ
627 1007 815 1091 πρᾶιγματος
843 1006 943 1089 ὄντος,
974 1010 1022 1075 ἔτι
1048 1015 1167 1096 πολλῷ
1184 1034 1242 1087 140

227 1106 384 1192 δεινότερα
398 1109 487 1173 ἐστιν
502 1105 522 1173 ἃ
538 1111 639 1176 ἐκεῖσε
659 1110 760 1177 ἐλθών
777 1110 977 1198 διεπράξατο.
1015 1111 1167 1178 ἁπάντων

225 1208 287 1296 χεὶρ
312 1207 397 1290 ὑμῶν
425 1210 557 1276 τουτωνὶ
582 1210 636 1276 καὶ
661 1214 724 1276 τῶν
749 1212 861 1278 ἄλλων
882 1211 1060 1294 Ἀθηναίων
1085 1211 1167 1280 οίιτω

226 1307 312 1373 δεινὰ
331 1311 384 1376 καὶ
403 1311 542 1399 σχέτλια
561 1312 739 1396 ἡγουμένων
756 1313 827 1382 τοὺς
844 1313 1066 1401 ταλαιπώρους
1080 1317 1166 1381 πάσ-

226 1437 297 1499 χειν
315 1412 455 1488 Φωκέας,
471 1413 554 1479 ὥστε
574 1415 654 1497 μήτε
675 1413 745 1484 τοὺς
766 1415 802 1479 ἐκ
823 1420 878 1496 τῆς
895 1418 1017 1496 βουλῆς
1033 1417 1166 1502 θεωροὺς

226 1515 306 1598 μήτε
330 1514 399 1586 τοὺς
429 1515 622 1597 θεσμοθέτας
651 1514 693 1584 εἰς
718 1514 759 1579 τὰ
783 1516 891 1580 Πύθια
919 1516 1059 1603 πέμψαι,
1089 1516 1164 1582 ἀλλ’

227 1615 407 1696 ἀποστῆναι
429 1620 483 1695 τῆς
504 1617 641 1701 πατρίου
663 1616 798 1702 θεωρίας,
822 1615 911 1689 οὗτος
932 1619 976 1688 εἰς
1002 1617 1164 1684 τάπινίκια
1180 1649 1235 1702 141

226 1719 289 1781 τῶν
316 1716 512 1801 πραγμάτων
541 1717 594 1782 καὶ
622 1722 678 1784 τοῦ
707 1718 858 1802 πολέμου,
890 1717 912 1785 ἃ
941 1721 1083 1800 Θηβαῖοι
1111 1720 1163 1786 καὶ

227 1817 392 1888 Φιλιππος
412 1818 511 1902 ἔθυον,
530 1819 670 1886 εἱστιᾶτο
690 1818 790 1887 ἔλθῶν
808 1821 861 1887 καὶ
878 1822 1025 1887 σπονδῶν
1038 1828 1164 1913 μετεῖχε

226 1920 279 1986 καὶ
299 1919 406 2008 εὐχῶν,
428 1917 464 1992 ἃς
490 1921 544 1986 ἐπὶ
565 1929 629 1992 τοῖς
651 1927 713 1988 τῶν
733 1924 911 2012 συμμάχων
928 1927 991 1990 τῶν
1010 1924 1164 2012 ὑμετέρων

226 2021 348 2108 τείχεσι
381 2021 435 2086 καὶ
468 2021 560 2111 χώρᾳ
588 2022 640 2089 καὶ
674 2024 785 2095 ὅπλοις
814 2023 1024 2090 ἀπολωλόσιν
1052 2025 1162 2114 εὔχετο

193 2228 199 2246 ι
227 2206 308 2268 οὕτως)
322 2204 347 2253 S.
381 2203 514 2254 contrario
524 2217 607 2252 errore
623 2218 683 2252 mox
695 2206 755 2254 ὅλως
770 2203 799 2254 Y.
812 2203 842 2253 Ο.
853 2219 875 2256 r.
887 2206 907 2252 l.
918 2219 944 2253 u.
956 2218 981 2252 v.
992 2203 1032 2252 uli
1044 2203 1163 2253 edebatur

227 2269 389 2318 antonini.
422 2268 546 2318 viunot.

276 2333 356 2394 5141.
392 2334 480 2396 χώραις
495 2347 516 2381 r.
534 2334 560 2382 et
574 2346 622 2382 reo.
638 2332 665 2382 S.
676 2332 706 2381 Y.
740 2331 797 2381 vid.
812 2335 825 2394 5
840 2332 880 2384 95.
913 2332 974 2381 Mox
991 2334 1075 2394 εὔχετο
1093 2331 1119 2382 S.
1133 2331 1163 2381 Y.

226 2504 292 2545 ιοιιιε
312 2498 342 2545 ια
360 2502 477 2558 quaestu:
504 2499 557 2542 “so
578 2493 672 2555 wholly
717 2492 783 2542 leuet
793 2493 838 2542 the
853 2496 922 2542 most
937 2493 1057 2555 probable
1068 2495 1163 2554 eonjee·

225 2560 287 2608 bont
298 2574 368 2620 upon
379 2559 465 2620 gein.’'
491 2558 671 2621 γίγνεσθαι(οι
720 2560 785 2616 ture,
802 2557 859 2606 thet
875 2557 920 2606 the
936 2558 1060 2606 omission
1078 2558 1105 2605 of
1121 2558 1164 2606 the

226 2625 294 2681 εἶναι)
323 2625 380 2684 πρός
405 2617 451 2671 τινί
476 2624 523 2670 nol
549 2622 667 2671 unusual.
720 2621 864 2670 Atheniens
875 2624 902 2670 to
914 2621 978 2670 send
988 2620 1055 2671 their
1071 2635 1165 2683 envoys

226 2687 292 2735 Plel.
304 2686 410 2734 Phaedr.
426 2701 451 2747 p.
464 2687 511 2735 249
523 2685 542 2733 0
555 2687 611 2745 πρὸς
622 2688 671 2747 γὰρ
721 2687 748 2734 to
758 2685 803 2733 the
814 2700 900 2746 gemes
909 2700 959 2734 was
967 2685 1011 2734 the
1024 2700 1085 2746 very
1096 2700 1164 2735 oeen-

226 2753 320 2800 ἐκείνοις
335 2750 373 2830 ἀεί
391 2753 443 2799 ἐστι
457 2753 539 2830 μνήμρ
555 2753 616 2831 κατὰ
632 2753 669 2798 δύ·
722 2750 779 2798 sion
789 2749 872 2798 which
884 2764 946 2824 gave
956 2750 1007 2798 riso
1016 2751 1044 2798 to
1055 2750 1101 2798 the
1114 2764 1169 2804 εον,

226 2832 294 2936 2321?
294 2816 670 2941 ’σ”ίῖἓῖίίίιίᾛίίμῗῑίῖ
721 2813 1166 2926 luzffvlllifflsllzlluls

226 2957 284 2992 vm.
299 2942 408 3003 Republ.
423 2956 448 3003 p.
465 2942 511 2991 567
528 2941 551 2988 A
567 2943 624 3004 πρὸς
639 2941 676 3003 τῷ
722 2942 850 3003 exemplee
861 2941 1166 2990 vhiehtendtoeonfirm

228 3011 281 3056 καθ’
301 3009 390 3069 ἡμέραν
408 3005 583 3069 ἀναγκάζονται
604 3008 669 3065 εἶναι,
721 3005 765 3054 lhe
775 3006 879 3066 opinion
887 3005 945 3054 that
953 3005 998 3053 the
1006 3019 1094 3066 gemes
1102 3019 1166 3054 were

226 3071 328 3121 Phuedo
339 3085 364 3132 p.
373 3070 405 3118 84
416 3070 435 3119 0
447 3070 504 3130 πρὸς
515 3072 550 3131 τῷ
559 3072 671 3132 εἰρημένῳ
721 3070 862 3118 celebrated
872 3070 953 3118 either
969 3070 997 3117 in
1012 3083 1125 3117 summer
1137 3083 1166 3118 or

226 3135 334 3198 λόγῳῆν
346 3137 359 3185 ὁ
370 3135 503 3197 Σωκράτης.
721 3137 842 3182 autumn:
865 3135 934 3183 since
955 3133 976 3180 it
995 3147 1077 3181 seems
1098 3137 1167 3182 most

259 3202 333 3260 5140.
350 3199 544 3262 τοὺς...θεωρούς]
556 3197 603 3247 See
609 3199 670 3247 nole
721 3197 799 3260 likely
809 3198 866 3246 that
877 3197 931 3245 this
940 3197 1074 3258 departure
1085 3198 1112 3244 oi
1123 3197 1166 3246 the

227 3279 261 3312 on
280 3268 294 3325 ἕ
312 3267 352 3315 72.
384 3263 483 3314 Thirlw.
506 3277 540 3312 τι.
564 3264 580 3311 5
601 3263 671 3311 “We
722 3261 865 3310 Atheniens
887 3263 953 3310 irem
975 3260 1043 3309 their
1064 3261 1166 3310 ancient

226 3328 300 3377 know
309 3328 410 3378 neither
423 3328 468 3376 lhe
482 3329 554 3375 exuet
571 3326 629 3376 dete
644 3329 671 3375 oi
721 3329 821 3374 eustom
832 3340 883 3374 was
894 3326 938 3373 the
949 3325 1005 3372 first
1018 3325 1166 3373 inllmation

226 3392 272 3440 the
279 3392 396 3452 embessy
405 3391 496 3454 [whieh
502 3391 619 3453 required
626 3392 671 3440 the
721 3389 782 3450 they
792 3389 843 3438 hed
854 3389 929 3450 given
940 3390 967 3436 oi
982 3388 1050 3438 their
1060 3388 1166 3450 disposi-

226 3456 319 3504 formel
341 3457 504 3504 sanctiones
524 3455 622 3504 Athene
644 3456 671 3503 te
721 3455 778 3502 tion
796 3456 824 3502 to
840 3453 918 3514 rejeet
936 3453 980 3501 the
998 3455 1052 3502 aeis
1075 3454 1101 3500 oi
1123 3452 1167 3500 the

228 3518 336 3580 Philip’e
358 3520 498 3568 admission
516 3533 543 3568 ue
563 3535 596 3568 en
611 3519 671 3566 Am-
721 3517 916 3578 Amphictyonie
939 3517 1046 3574 coenon,
1074 3517 1167 3578 pertial

227 3581 367 3644 phietyonJ,
379 3598 426 3630 nor
436 3583 480 3632 the
492 3598 581 3631 seeson
592 3584 618 3630 ol
628 3583 673 3632 the
723 3581 774 3630 and
789 3582 885 3630 violent
902 3596 930 3630 as
948 3581 983 3629 its
1001 3581 1166 3642 proeeedings

227 3660 289 3708 yeer
296 3648 322 3694 at
328 3646 411 3694 which
417 3646 462 3694 the
470 3646 580 3708 Pythian
587 3661 673 3706 gemes
722 3645 774 3694 had
784 3645 873 3694 been.”
907 3645 955 3695 See
966 3645 1020 3693 eleo
1030 3660 1057 3693 n.
1071 3646 1094 3693 l.

228 3723 293 3760 were
313 3709 381 3758 held.
419 3709 446 3758 It
467 3709 490 3757 is
509 3709 624 3758 however
645 3714 672 3760 et
754 3710 839 3770 5141.
873 3713 905 3761 εἰς
924 3709 1165 3773 τοίτινίκια...ἐλθών]
