2640 4194
350 241 410 304 DE
439 240 582 304 FALSA
608 239 871 304 LEGATIONE.
1037 236 1079 304 37

145 394 283 484 ᾠχόμην,
306 394 359 460 καὶ
382 399 437 459 υῦυ
458 393 744 481 μαρτυρηθήσεται·
773 389 822 455 διό
846 388 899 453 καί
922 387 980 468 τὴν
1005 387 1080 470 ἐμὴν

117 496 330 582 ’φιλοτιμίαν
351 494 440 565 οὗτος
461 494 686 581 ἀφαιρούμενος
707 490 790 557 τοῦτ’
815 491 940 556 ἔπεισεν
965 488 1080 552 ἐκεῖνον

92 613 129 671 45
146 595 316 683 ὀγγρόφαι.
355 593 372 659 ’ὂ
390 595 494 660 τοίνυν
513 593 664 677 μέγιστον
679 591 837 656 ἁπάντων·
860 588 951 674 ὁγὰρ
966 586 1009 656 είς
1023 585 1080 666 την

144 697 301 783 προτέραν
319 702 451 783 γραφας
473 694 654 775 ἐπιστολήν,
669 693 706 772 ἣν
724 692 897 774 ἠνέγκαμεν
916 689 1011 770 ἡμεῖς,
1030 686 1080 752 ότι

145 807 164 834 “
175 799 312 886 ἔγραφον
329 798 355 863 δ’
371 799 410 863 ἂν
427 798 480 863 καὶ
499 796 666 884 διοῤῥήδην
685 793 779 876 ἡλίκα
800 792 879 875 ὑμᾶς
895 791 927 855 εὖ
942 790 1077 870 ποιήσω,

144 903 172 969 εἰ
186 903 219 968 εὖ
237 903 321 988 ᾔδειν
342 902 396 968 καὶ
417 901 474 982 τὴν
496 899 683 987 συμμαχίαν
703 923 757 980 μοι
778 891 1014 979 γενησομένην,”
1029 919 1079 973 γε·

142 1001 268 1086 γονυίας
290 1008 344 1086 τῆς
367 1001 552 1088 συμμαχίας
569 999 606 1089 ,οὕ
626 1003 726 1083 φησιν
746 997 858 1064 εἰδέναι
878 997 911 1060 τί
927 993 966 1060 ἂν
980 998 1080 1059 ποιῶν

143 1104 324 1192 χαρίσαιτο,
341 1103 403 1174 οὐδ’
424 1102 440 1167 ὃ
459 1101 550 1171 αὐτός
568 1100 735 1187 ὑπέσχετο·
758 1101 849 1162 τοῦτο
869 1095 931 1182 γὰρ
945 1095 1011 1178 ᾔδει
1027 1095 1079 1175 δη-

143 1206 257 1282 λονότι,
274 1207 361 1291 εἴπερ
374 1204 418 1285 μὴ
433 1204 615 1292 ἐφενάκιζεν.
657 1201 743 1265 ἀλλὰ
756 1199 818 1282 μὴν
832 1197 880 1262 ότι
894 1196 982 1263 ταῦθ’
998 1196 1079 1262 οότω

143 1306 207 1372 τότ’
226 1307 231 1393 Ι
251 1309 383 1391 ἔγραφε,
399 1306 474 1389 λέγε
495 1332 549 1386 μοι
570 1304 681 1382 λαβὼν
703 1304 739 1366 ἐκ
760 1305 814 1381 τῆς
835 1301 990 1386 προτέρας
1010 1301 1079 1365 ἐπι·
1093 1316 1155 1381 354

142 1411 261 1488 στολῆς
276 1405 353 1471 αὐτὸ
366 1411 468 1486 τοῦτο,
485 1404 612 1470 ἐνθένδε.
655 1403 738 1484 λέγε.

431 1651 490 1725 ΕΞ
519 1649 790 1724 ΕΠΙΣΤΟΛΗΣ.

62 1849 63 1856 .
91 1799 129 1867 46
209 1797 333 1862 Οὐκοῦν
355 1795 431 1879 πρὶν
448 1795 506 1878 μὲν
524 1795 644 1881 εἰρήνης
663 1801 778 1882 τυχεῖν,
795 1796 824 1862 εἰ
840 1795 894 1862 καὶ
908 1785 1078 1886 συμμαχία
1091 1830 1126 1881 41

143 1897 340 1986 προσγένοιτ’
356 1899 447 1986 αὐτῷ,
463 1902 604 1983 γράφειν
627 1897 781 1982 ὡμολόγει
800 1899 897 1980 ἡλίκα
911 1899 968 1982 τὴν
982 1902 1078 1967 πόλιν

143 2000 176 2066 εὖ
190 1999 326 2082 ποιήσει·
348 2000 458 2081 ἐπειδὴ
475 2000 500 2064 δ’
516 1999 666 2087 ἀμφότερ’
682 1999 766 2088 αὐτῷ
782 2000 915 2084 γέγονεν,
931 2001 986 2068 οὐκ
1004 2003 1078 2068 εἰδέ-

142 2176 229 2236 ipsum
251 2174 360 2224 sensisse
377 2176 440 2235 puto
456 2174 589 2222 hominem
606 2173 804 2236 haudquaquam
820 2176 937 2238 ineptum
956 2178 1001 2238 qui
1016 2180 1077 2229 cod.

144 2240 171 2296 S.
189 2240 309 2288 exerevit.
343 2240 433 2299 Itaque
452 2238 616 2286 festinantius
635 2238 661 2286 h.
679 2239 696 2288 L
717 2240 790 2288 ποιῶν
804 2240 913 2301 induxit,
932 2241 1000 2290 idem
1019 2258 1078 2291 mox

142 2303 320 2418 ffifflcsnnbiisi
331 2317 387 2352 sero
398 2302 501 2352 demum
510 2302 666 2350 innotuisset
676 2301 705 2350 in
719 2303 834 2366 Philippi
849 2305 966 2366 Epistola
984 2305 1077 2356 diserte

191 2445 256 2504 §45-
288 2445 356 2502 ιιικι
366 2443 421 2504 (pro
432 2443 512 2503 ἡυιι)
526 2442 552 2493 s.
565 2457 599 2491 se.
615 2433 698 2492 vesi
713 2443 810 2493 sonna.
847 2443 897 2492 Sed
913 2447 926 2504 ς
943 2444 989 2493 163
1006 2445 1078 2504 ηυιι

143 2511 211 2557 recte
223 2507 248 2557 S.
278 2507 350 2555 Infra
370 2510 423 2566 ὑμῖν
438 2510 564 2569 χαρίσαιτο
582 2526 622 2570 γρ.
641 2507 665 2556 S.
682 2509 712 2555 F.
732 2507 875 2567 Q.—Pr0
897 2511 923 2556 ἐκ
943 2511 985 2567 τῆς
1000 2508 1078 2557 habet

143 2575 230 2632 ἐκείνης
241 2571 266 2621 S.
301 2571 429 2632 (“insert0
446 2573 505 2618 ante
522 2574 608 2630 ἐκείνης
630 2585 692 2621 um.
712 2573 803 2632 quurtu
820 2571 840 2618 δ’
858 2574 909 2620 w
920 2573 998 2622 D1un.
1013 2575 1079 2634 [“έκ

142 2637 186 2696 τῆς
198 2639 260 2696 (non
279 2636 299 2684 δ’
318 2637 353 2696 ἐκ)
367 2634 424 2682 ndu
437 2635 652 2699 untiq.’'Vosi1.])
686 2636 777 2696 Itaque
794 2635 886 2685 “Eort.
907 2639 993 2697 ἐκείνης
1011 2637 1076 2698 τῆς”

142 2701 191 2750 En.
206 2700 296 2749 Tunc.
331 2699 389 2747 Non
400 2698 523 2760 displicet.

142 2867 230 2928 Oomp.
250 2867 305 2914 uiso
323 2871 336 2928 5
354 2867 401 2915 iss
419 2868 586 2916 ἐαυτοὺς...λύ-
634 2865 759 2926 throwing
769 2867 826 2914 sold
835 2869 913 2928 water
924 2883 957 2914 on
968 2867 1013 2916 the
1021 2883 1077 2930 pro-

145 2935 234 2981 σασθαι
246 2935 285 2979 καί
296 2934 410 2990 μηδεμίαν
421 2931 587 2990 τοίτουιχάριν
633 2929 690 2991 jeci.
726 2933 889 2992 ἀπεστέρημαι
900 2935 947 2980 τῶν
961 2935 1023 2980 ίδίων
1039 2941 1077 2992 φι-

143 3000 207 3056 ἔχειν
229 2998 263 3056 τῷ
284 2998 398 3054 Φιλίππῳ
430 2994 480 3042 and
501 2997 514 3054 ἓ
538 2996 585 3044 187
634 2997 753 3053 λοτιμιῶν,
764 2995 843 3042 below
854 3010 878 3054 p.
891 2997 938 3043 410
955 2999 968 3055 δ
984 2997 1032 3047 247
1048 2995 1078 3044 in

143 3060 297 3120 ὡμολόγησεν
307 3061 320 3107 ὁ
330 3062 449 3107 Φίλιππος
458 3061 510 3106 τούς
518 3062 585 3107 λοίπ-
634 3073 650 3105 a
661 3058 798 3106 somewhat
810 3057 927 3106 different
939 3073 1019 3108 sense.

142 3141 180 3173 ους
191 3121 504 3172 λίσσεσθαι-τάλαντον
515 3123 585 3182 ἔχων]
666 3122 729 3182 545.
765 3121 812 3170 οὐδ’
833 3125 845 3170 ό
866 3123 936 3172 αὐτὸς
959 3125 1077 3183 ὑπέσχετο

141 3187 280 3236 Aeschines
301 3185 393 3245 laughs
415 3189 441 3233 nt
463 3186 516 3233 this
540 3189 585 3234 ubi
636 3187 718 3246 κ.τ.λ.]
737 3187 812 3233 “Not
824 3200 886 3233 even
898 3185 939 3232 his
950 3201 1006 3233 own
1020 3201 1076 3246 pro·

141 3267 225 3312 supra.
261 3252 378 3299 τάλαντον
388 3253 472 3311 φέρων,
486 3250 534 3298 ἑνός
546 3253 584 3298 ἀν-
635 3249 699 3296 mise
712 3249 760 3312 (ie.
775 3249 853 3296 about
868 3248 912 3296 the
928 3264 1032 3297 ransom
1048 3251 1074 3298 oi

69 3323 71 3327 ’
143 3318 201 3376 δρός,
222 3313 274 3363 οὐδέ
295 3314 379 3362 τούτου
401 3317 455 3362 λίαν
476 3314 582 3376 εὐπόρου,
635 3313 679 3360 the
699 3313 831 3374 captives),
849 3313 888 3360 for
903 3313 936 3360 he
952 3313 1076 3376 certainly

142 3381 212 3428 ίκανὰ
238 3379 322 3438 λύτρα,
347 3378 374 3424 oi
399 3392 487 3426 course
509 3377 584 3437 using
635 3376 708 3424 knew
725 3377 784 3433 this,
796 3377 817 3423 ii
834 3375 868 3424 he
886 3377 930 3423 did
945 3380 991 3424 not
1007 3382 1076 3426 want

141 3443 279 3491 rhetorical
293 3441 587 3501 exaggeration--wir
635 3442 662 3486 to
669 3440 767 3500 impose
774 3454 807 3490 on
815 3443 891 3501 you.”
908 3440 975 3501 Why
985 3440 1075 3490 Schue-

142 3507 200 3567 ἐμήν
235 3509 371 3567 φιλοτιμίαν
409 3505 586 3567 ἀφαιρούμενος]
634 3502 902 3551 ferwishsstoinsert
915 3505 1076 3568 ᾰνυίίοεῇδει

143 3569 362 3629 “Endeavouring
386 3571 413 3616 to
440 3568 516 3616 deber
545 3584 586 3616 me
635 3565 700 3614 Ido
717 3569 763 3614 not
780 3566 947 3627 understand,
967 3569 1006 3616 ior
1025 3571 1075 3618 evi·

141 3635 207 3684 from
219 3633 362 3693 displuying
369 3647 413 3694 my
419 3632 504 3692 publio
513 3632 587 3693 spirit
636 3630 722 3691 dently
733 3631 818 3691 Philip
830 3629 874 3678 did
884 3631 956 3680 know
967 3631 996 3680 it.

141 3695 588 3758 sudmunifieenee,'’viz.byPhilip’s
666 3695 723 3744 354.
755 3695 830 3756 546.
856 3695 974 3762 ποιήσειν]
998 3696 1077 3750 From
