<?xml version="1.0" encoding="UTF-8"?>
<!DOCTYPE html PUBLIC "-//W3C//DTD XHTML 1.0 Transitional//EN"
    "http://www.w3.org/TR/xhtml1/DTD/xhtml1-transitional.dtd">
<html xmlns="http://www.w3.org/1999/xhtml" xml:lang="en" lang="en">
 <head>
  <title>
</title>
<meta http-equiv="Content-Type" content="text/html;charset=utf-8" />
  <meta name='ocr-system' content='tesseract 3.04.00' />
  <meta name='ocr-capabilities' content='ocr_page ocr_carea ocr_par ocr_line ocrx_word'/>
</head>
<body>
  <div class='ocr_page' id='page_1' title='image "./demosthenisdefa01shilgoog_0182.png"; bbox 0 0 2640 4204; ppageno 0'>
   <div class='ocr_carea' id='block_1_1' title="bbox 238 225 861 292">
    <p class='ocr_par' dir='ltr' id='par_1_1' title="bbox 238 225 861 292">
     <span class='ocr_line' id='line_1_1' title="bbox 238 225 861 292; baseline 0.002 -3"><span class='ocrx_word' id='word_1_1' title='bbox 238 229 299 292; x_wconf 86' lang='grc'>162</span> <span class='ocrx_word' id='word_1_2' title='bbox 544 225 861 290; x_wconf 82' lang='lat' dir='ltr'>DEMOSTHENIS</span> 
     </span>
    </p>
   </div>
   <div class='ocr_carea' id='block_1_2' title="bbox 155 377 1250 1789">
    <p class='ocr_par' dir='ltr' id='par_1_2' title="bbox 168 377 1250 1383">
     <span class='ocr_line' id='line_1_2' title="bbox 236 377 1174 466; baseline 0.004 -24"><span class='ocrx_word' id='word_1_3' title='bbox 236 377 409 444; x_wconf 82' lang='grc' dir='ltr'>Ὀλυνθίαν</span> <span class='ocrx_word' id='word_1_4' title='bbox 432 385 575 461; x_wconf 84' lang='grc' dir='ltr'>γυναῖκα,</span> <span class='ocrx_word' id='word_1_5' title='bbox 603 379 743 466; x_wconf 77' lang='grc' dir='ltr'>εὐπρεπῆ</span> <span class='ocrx_word' id='word_1_6' title='bbox 769 379 836 460; x_wconf 90' lang='grc' dir='ltr'>μέν,</span> <span class='ocrx_word' id='word_1_7' title='bbox 863 379 1030 464; x_wconf 79' lang='grc' dir='ltr'>ἐλευθέραν</span> <span class='ocrx_word' id='word_1_8' title='bbox 1056 379 1090 445; x_wconf 88' lang='grc' dir='ltr'>δὲ</span> <span class='ocrx_word' id='word_1_9' title='bbox 1118 382 1174 447; x_wconf 89' lang='grc' dir='ltr'>καὶ</span> 
     </span>
     <span class='ocr_line' id='line_1_3' title="bbox 168 479 1250 568; baseline 0.004 -26"><span class='ocrx_word' id='word_1_10' title='bbox 168 499 221 556; x_wconf 84' lang='lat'>197</span> <span class='ocrx_word' id='word_1_11' title='bbox 237 479 393 566; x_wconf 82' lang='grc' dir='ltr'>σώφρονα,</span> <span class='ocrx_word' id='word_1_12' title='bbox 411 479 451 551; x_wconf 79' lang='grc' dir='ltr'>ὥς</span> <span class='ocrx_word' id='word_1_13' title='bbox 465 480 502 545; x_wconf 87' lang='grc' dir='ltr'>τὸ</span> <span class='ocrx_word' id='word_1_14' title='bbox 516 481 605 564; x_wconf 88' lang='grc' dir='ltr'>ἔργον</span> <span class='ocrx_word' id='word_1_15' title='bbox 620 482 787 560; x_wconf 82' lang='grc' dir='ltr'>ἐδήλωσεν.</span> <span class='ocrx_word' id='word_1_16' title='bbox 833 480 950 560; x_wconf 89' lang='grc' dir='ltr'>ταύτην</span> <span class='ocrx_word' id='word_1_17' title='bbox 964 480 1000 547; x_wconf 84' lang='grc' dir='ltr'>τὸ</span> <span class='ocrx_word' id='word_1_18' title='bbox 1012 482 1071 563; x_wconf 85' lang='grc' dir='ltr'>μὲν</span> <span class='ocrx_word' id='word_1_19' title='bbox 1085 489 1173 568; x_wconf 79' lang='grc' dir='ltr'>πρῶ·</span> <span class='ocrx_word' id='word_1_20' title='bbox 1188 487 1250 546; x_wconf 87' lang='lat'>218</span> 
     </span>
     <span class='ocr_line' id='line_1_4' title="bbox 234 581 1175 669; baseline 0.003 -21"><span class='ocrx_word' id='word_1_21' title='bbox 234 610 290 648; x_wconf 92' lang='grc' dir='ltr'>τον</span> <span class='ocrx_word' id='word_1_22' title='bbox 308 583 425 648; x_wconf 86' lang='grc' dir='ltr'>ούτωσὶ</span> <span class='ocrx_word' id='word_1_23' title='bbox 443 583 545 648; x_wconf 77' lang='grc' dir='ltr'>πίνειν</span> <span class='ocrx_word' id='word_1_24' title='bbox 564 581 670 669; x_wconf 82' lang='grc' dir='ltr'>ἡσυχῇ</span> <span class='ocrx_word' id='word_1_25' title='bbox 686 583 739 648; x_wconf 83' lang='grc' dir='ltr'>καὶ</span> <span class='ocrx_word' id='word_1_26' title='bbox 754 582 883 668; x_wconf 78' lang='grc' dir='ltr'>τρώγειν</span> <span class='ocrx_word' id='word_1_27' title='bbox 897 581 1070 666; x_wconf 76' lang='grc' dir='ltr'>ἠνάγκαζον</span> <span class='ocrx_word' id='word_1_28' title='bbox 1085 584 1175 652; x_wconf 88' lang='grc' dir='ltr'>ούτοί</span> 
     </span>
     <span class='ocr_line' id='line_1_5' title="bbox 233 684 1170 774; baseline 0.001 -25"><span class='ocrx_word' id='word_1_29' title='bbox 233 711 287 765; x_wconf 91' lang='grc' dir='ltr'>μοι</span> <span class='ocrx_word' id='word_1_30' title='bbox 310 684 418 762; x_wconf 81' lang='grc' dir='ltr'>δοκεῖν,</span> <span class='ocrx_word' id='word_1_31' title='bbox 439 684 478 755; x_wconf 76' lang='grc' dir='ltr'>ὡς</span> <span class='ocrx_word' id='word_1_32' title='bbox 500 685 635 766; x_wconf 88' lang='grc' dir='ltr'>διηγεῖτο</span> <span class='ocrx_word' id='word_1_33' title='bbox 649 685 833 770; x_wconf 84' lang='grc' dir='ltr'>Ἰατροκλῆς</span> <span class='ocrx_word' id='word_1_34' title='bbox 855 686 923 767; x_wconf 81' lang='grc' dir='ltr'>ἐμοὶ</span> <span class='ocrx_word' id='word_1_35' title='bbox 944 690 984 769; x_wconf 78' lang='grc' dir='ltr'>τῇ</span> <span class='ocrx_word' id='word_1_36' title='bbox 1005 685 1170 774; x_wconf 76' lang='grc' dir='ltr'>ὑστεραίᾳ·</span> 
     </span>
     <span class='ocr_line' id='line_1_6' title="bbox 234 785 1171 873; baseline 0.002 -21"><span class='ocrx_word' id='word_1_37' title='bbox 234 787 274 857; x_wconf 82' lang='grc' dir='ltr'>ὠς</span> <span class='ocrx_word' id='word_1_38' title='bbox 301 787 335 852; x_wconf 85' lang='grc' dir='ltr'>δὲ</span> <span class='ocrx_word' id='word_1_39' title='bbox 358 787 470 873; x_wconf 82' lang='grc' dir='ltr'>προῄει</span> <span class='ocrx_word' id='word_1_40' title='bbox 496 786 532 850; x_wconf 85' lang='grc' dir='ltr'>τὸ</span> <span class='ocrx_word' id='word_1_41' title='bbox 552 790 686 872; x_wconf 82' lang='grc' dir='ltr'>πρᾶγμα</span> <span class='ocrx_word' id='word_1_42' title='bbox 711 786 764 850; x_wconf 84' lang='grc' dir='ltr'>καὶ</span> <span class='ocrx_word' id='word_1_43' title='bbox 790 785 1046 872; x_wconf 79' lang='grc' dir='ltr'>διεθερμαίνοντο,</span> <span class='ocrx_word' id='word_1_44' title='bbox 1072 815 1171 854; x_wconf 88' lang='grc' dir='ltr'>κατα-</span> 
     </span>
     <span class='ocr_line' id='line_1_7' title="bbox 232 887 1171 974; baseline 0.004 -22"><span class='ocrx_word' id='word_1_45' title='bbox 232 889 397 953; x_wconf 87' lang='grc' dir='ltr'>κλίνεσθαι</span> <span class='ocrx_word' id='word_1_46' title='bbox 417 890 473 953; x_wconf 87' lang='grc' dir='ltr'>καί</span> <span class='ocrx_word' id='word_1_47' title='bbox 487 914 519 952; x_wconf 91' lang='grc' dir='ltr'>τι</span> <span class='ocrx_word' id='word_1_48' title='bbox 538 889 591 953; x_wconf 84' lang='grc' dir='ltr'>καὶ</span> <span class='ocrx_word' id='word_1_49' title='bbox 612 888 697 974; x_wconf 80' lang='grc' dir='ltr'>ᾄδειν</span> <span class='ocrx_word' id='word_1_50' title='bbox 712 887 861 954; x_wconf 87' lang='grc' dir='ltr'>ἐκέλευον.</span> <span class='ocrx_word' id='word_1_51' title='bbox 906 887 1120 970; x_wconf 80' lang='grc' dir='ltr'>ἀδημονούσης</span> <span class='ocrx_word' id='word_1_52' title='bbox 1135 891 1171 957; x_wconf 86' lang='grc' dir='ltr'>δὲ</span> 
     </span>
     <span class='ocr_line' id='line_1_8' title="bbox 231 987 1166 1073; baseline 0.005 -20"><span class='ocrx_word' id='word_1_53' title='bbox 231 993 286 1070; x_wconf 79' lang='grc' dir='ltr'>τῆς</span> <span class='ocrx_word' id='word_1_54' title='bbox 309 989 475 1073; x_wconf 78' lang='grc' dir='ltr'>ἀνθρώπου</span> <span class='ocrx_word' id='word_1_55' title='bbox 498 989 552 1055; x_wconf 86' lang='grc' dir='ltr'>καὶ</span> <span class='ocrx_word' id='word_1_56' title='bbox 575 987 646 1054; x_wconf 89' lang='grc' dir='ltr'>ούτε</span> <span class='ocrx_word' id='word_1_57' title='bbox 669 989 838 1070; x_wconf 75' lang='grc' dir='ltr'>ἐθελούσης</span> <span class='ocrx_word' id='word_1_58' title='bbox 857 991 927 1056; x_wconf 88' lang='grc' dir='ltr'>ούτε</span> <span class='ocrx_word' id='word_1_59' title='bbox 948 991 1166 1073; x_wconf 86' lang='grc' dir='ltr'>ἐπισταμένης,</span> 
     </span>
     <span class='ocr_line' id='line_1_9' title="bbox 230 1089 1168 1179; baseline 0.004 -23"><span class='ocrx_word' id='word_1_60' title='bbox 230 1091 325 1175; x_wconf 81' lang='grc' dir='ltr'>ύβριν</span> <span class='ocrx_word' id='word_1_61' title='bbox 349 1091 386 1157; x_wconf 86' lang='grc' dir='ltr'>τὸ</span> <span class='ocrx_word' id='word_1_62' title='bbox 407 1096 542 1178; x_wconf 82' lang='grc' dir='ltr'>πρᾶγμα</span> <span class='ocrx_word' id='word_1_63' title='bbox 568 1092 693 1175; x_wconf 83' lang='grc' dir='ltr'>ἔφασαν</span> <span class='ocrx_word' id='word_1_64' title='bbox 715 1089 824 1156; x_wconf 84' lang='grc' dir='ltr'>ούτοσὶ</span> <span class='ocrx_word' id='word_1_65' title='bbox 847 1094 899 1157; x_wconf 86' lang='grc' dir='ltr'>καὶ</span> <span class='ocrx_word' id='word_1_66' title='bbox 921 1092 938 1155; x_wconf 88' lang='grc' dir='ltr'>ὁ</span> <span class='ocrx_word' id='word_1_67' title='bbox 960 1093 1091 1179; x_wconf 83' lang='grc' dir='ltr'>Φρύνων</span> <span class='ocrx_word' id='word_1_68' title='bbox 1112 1095 1168 1160; x_wconf 83' lang='grc' dir='ltr'>καὶ</span> 
     </span>
     <span class='ocr_line' id='line_1_10' title="bbox 229 1192 1167 1280; baseline 0.002 -22"><span class='ocrx_word' id='word_1_69' title='bbox 229 1193 285 1259; x_wconf 80' lang='grc' dir='ltr'>οὐκ</span> <span class='ocrx_word' id='word_1_70' title='bbox 308 1193 435 1259; x_wconf 80' lang='grc' dir='ltr'>ἀνεκτὸν</span> <span class='ocrx_word' id='word_1_71' title='bbox 459 1192 545 1270; x_wconf 88' lang='grc' dir='ltr'>εἰναι,</span> <span class='ocrx_word' id='word_1_72' title='bbox 569 1196 632 1257; x_wconf 81' lang='grc' dir='ltr'>τῶν</span> <span class='ocrx_word' id='word_1_73' title='bbox 655 1192 736 1262; x_wconf 80' lang='grc' dir='ltr'>θεοῖς</span> <span class='ocrx_word' id='word_1_74' title='bbox 760 1193 882 1279; x_wconf 82' lang='grc' dir='ltr'>ἐχθρῶν</span> <span class='ocrx_word' id='word_1_75' title='bbox 902 1196 964 1258; x_wconf 84' lang='grc' dir='ltr'>τῶν</span> <span class='ocrx_word' id='word_1_76' title='bbox 993 1193 1167 1280; x_wconf 82' lang='grc' dir='ltr'>ἀλιτηρίων</span> 
     </span>
     <span class='ocr_line' id='line_1_11' title="bbox 228 1293 1165 1383; baseline 0.003 -24"><span class='ocrx_word' id='word_1_77' title='bbox 228 1293 406 1359; x_wconf 89' lang='grc' dir='ltr'>Ὀλυνθίων</span> <span class='ocrx_word' id='word_1_78' title='bbox 431 1295 638 1383; x_wconf 78' lang='grc' dir='ltr'>αἰχμάλωτον</span> <span class='ocrx_word' id='word_1_79' title='bbox 667 1293 766 1358; x_wconf 81' lang='grc' dir='ltr'>οὖσαν</span> <span class='ocrx_word' id='word_1_80' title='bbox 795 1298 927 1378; x_wconf 76' lang='grc' dir='ltr'>τρυφᾶν·</span> <span class='ocrx_word' id='word_1_81' title='bbox 960 1295 1014 1359; x_wconf 83' lang='grc' dir='ltr'>καὶ</span> <span class='ocrx_word' id='word_1_82' title='bbox 1043 1301 1061 1330; x_wconf 91' lang='grc'>“</span> <span class='ocrx_word' id='word_1_83' title='bbox 1072 1294 1165 1362; x_wconf 84' lang='grc' dir='ltr'>κάλει</span> 
     </span>
    </p>

    <p class='ocr_par' dir='ltr' id='par_1_3' title="bbox 155 1392 1239 1586">
     <span class='ocr_line' id='line_1_12' title="bbox 227 1392 1239 1485; baseline 0.001 -24"><span class='ocrx_word' id='word_1_84' title='bbox 227 1395 355 1478; x_wconf 87' lang='grc' dir='ltr'>ποῖδα,”</span> <span class='ocrx_word' id='word_1_85' title='bbox 370 1396 424 1461; x_wconf 90' lang='grc' dir='ltr'>καὶ</span> <span class='ocrx_word' id='word_1_86' title='bbox 438 1404 455 1430; x_wconf 87' lang='grc'><strong>“</strong></span> <span class='ocrx_word' id='word_1_87' title='bbox 465 1395 579 1476; x_wconf 83' lang='grc' dir='ltr'>ἱμᾶντά</span> <span class='ocrx_word' id='word_1_88' title='bbox 593 1422 641 1464; x_wconf 91' lang='grc' dir='ltr'>τις</span> <span class='ocrx_word' id='word_1_89' title='bbox 659 1392 805 1479; x_wconf 80' lang='grc' dir='ltr'>φερέτω.”</span> <span class='ocrx_word' id='word_1_90' title='bbox 848 1393 922 1476; x_wconf 81' lang='grc' dir='ltr'>ἧκεν</span> <span class='ocrx_word' id='word_1_91' title='bbox 938 1395 1058 1476; x_wconf 80' lang='grc' dir='ltr'>οἰκέτης</span> <span class='ocrx_word' id='word_1_92' title='bbox 1078 1397 1164 1485; x_wconf 79' lang='grc' dir='ltr'>ἔχων</span> <span class='ocrx_word' id='word_1_93' title='bbox 1180 1425 1239 1482; x_wconf 90' lang='lat'>219</span> 
     </span>
     <span class='ocr_line' id='line_1_13' title="bbox 155 1494 1162 1586; baseline 0.002 -22"><span class='ocrx_word' id='word_1_94' title='bbox 155 1521 213 1584; x_wconf 88' lang='lat'>403</span> <span class='ocrx_word' id='word_1_95' title='bbox 226 1501 354 1586; x_wconf 81' lang='grc' dir='ltr'>ῥυτῆρα,</span> <span class='ocrx_word' id='word_1_96' title='bbox 374 1497 379 1584; x_wconf 65' lang='lat' dir='ltr'>l</span> <span class='ocrx_word' id='word_1_97' title='bbox 399 1499 452 1563; x_wconf 88' lang='grc' dir='ltr'>καὶ</span> <span class='ocrx_word' id='word_1_98' title='bbox 471 1497 664 1563; x_wconf 71' lang='grc' dir='ltr'>πεπωκότων</span> <span class='ocrx_word' id='word_1_99' title='bbox 682 1494 769 1576; x_wconf 79' lang='grc' dir='ltr'>οἶμαι</span> <span class='ocrx_word' id='word_1_100' title='bbox 786 1495 840 1560; x_wconf 89' lang='grc' dir='ltr'>καὶ</span> <span class='ocrx_word' id='word_1_101' title='bbox 856 1500 973 1581; x_wconf 81' lang='grc' dir='ltr'>μικρῶν</span> <span class='ocrx_word' id='word_1_102' title='bbox 987 1496 1086 1564; x_wconf 85' lang='grc' dir='ltr'>ὄντων</span> <span class='ocrx_word' id='word_1_103' title='bbox 1100 1505 1162 1566; x_wconf 82' lang='grc' dir='ltr'>τῶν</span> 
     </span>
    </p>

    <p class='ocr_par' dir='ltr' id='par_1_4' title="bbox 226 1595 1163 1684">
     <span class='ocr_line' id='line_1_14' title="bbox 226 1595 1163 1684; baseline 0 -19"><span class='ocrx_word' id='word_1_104' title='bbox 226 1600 464 1684; x_wconf 80' lang='grc' dir='ltr'>παροξυνόντων</span> <span class='ocrx_word' id='word_1_105' title='bbox 493 1598 641 1677; x_wconf 80' lang='grc' dir='ltr'>εἰπούσης</span> <span class='ocrx_word' id='word_1_106' title='bbox 668 1624 701 1662; x_wconf 93' lang='grc' dir='ltr'>τι</span> <span class='ocrx_word' id='word_1_107' title='bbox 728 1596 781 1661; x_wconf 87' lang='grc' dir='ltr'>καὶ</span> <span class='ocrx_word' id='word_1_108' title='bbox 816 1595 1017 1682; x_wconf 83' lang='grc' dir='ltr'>δακρυσάσης</span> <span class='ocrx_word' id='word_1_109' title='bbox 1046 1600 1163 1680; x_wconf 85' lang='grc' dir='ltr'>ἐκείνης</span> 
     </span>
    </p>

    <p class='ocr_par' dir='ltr' id='par_1_5' title="bbox 226 1698 1162 1789">
     <span class='ocr_line' id='line_1_15' title="bbox 226 1698 1162 1789; baseline -0.001 -22"><span class='ocrx_word' id='word_1_110' title='bbox 226 1703 414 1789; x_wconf 82' lang='grc' dir='ltr'>περιῤῥήξας</span> <span class='ocrx_word' id='word_1_111' title='bbox 435 1701 487 1765; x_wconf 87' lang='grc' dir='ltr'>τὸν</span> <span class='ocrx_word' id='word_1_112' title='bbox 506 1700 696 1786; x_wconf 82' lang='grc' dir='ltr'>χιτωνίσκον</span> <span class='ocrx_word' id='word_1_113' title='bbox 716 1698 733 1762; x_wconf 87' lang='grc' dir='ltr'>ὁ</span> <span class='ocrx_word' id='word_1_114' title='bbox 751 1698 871 1778; x_wconf 81' lang='grc' dir='ltr'>οἰκέτης</span> <span class='ocrx_word' id='word_1_115' title='bbox 890 1698 987 1782; x_wconf 85' lang='grc' dir='ltr'>ξαίνει</span> <span class='ocrx_word' id='word_1_116' title='bbox 1006 1699 1088 1764; x_wconf 78' lang='grc' dir='ltr'>κατὰ</span> <span class='ocrx_word' id='word_1_117' title='bbox 1106 1705 1162 1767; x_wconf 81' lang='grc' dir='ltr'>τοῦ</span> 
     </span>
    </p>
   </div>
   <div class='ocr_carea' id='block_1_3' title="bbox 223 1902 1311 2086">
    <p class='ocr_par' dir='ltr' id='par_1_6' title="bbox 223 1902 1311 2086">
     <span class='ocr_line' id='line_1_16' title="bbox 225 1902 1156 1968; baseline 0.004 -18"><span class='ocrx_word' id='word_1_118' title='bbox 225 1906 237 1963; x_wconf 66' lang='grc' dir='ltr'><strong>ξ</strong></span> <span class='ocrx_word' id='word_1_119' title='bbox 248 1903 296 1965; x_wconf 83' lang='grc' dir='ltr'>4ρ.</span> <span class='ocrx_word' id='word_1_120' title='bbox 309 1905 340 1951; x_wconf 85' lang='grc'>28</span> <span class='ocrx_word' id='word_1_121' title='bbox 352 1902 388 1951; x_wconf 73' lang='lat' dir='ltr'>Si.</span> <span class='ocrx_word' id='word_1_122' title='bbox 398 1903 472 1952; x_wconf 85' lang='lat'>:190</span> <span class='ocrx_word' id='word_1_123' title='bbox 483 1902 513 1950; x_wconf 85' lang='lat' dir='ltr'>R.</span> <span class='ocrx_word' id='word_1_124' title='bbox 524 1906 624 1963; x_wconf 86' lang='grc' dir='ltr'>γυναῖκα</span> <span class='ocrx_word' id='word_1_125' title='bbox 636 1903 761 1965; x_wconf 76' lang='grc' dir='ltr'>ἐλευθέραν</span> <span class='ocrx_word' id='word_1_126' title='bbox 771 1904 809 1951; x_wconf 80' lang='grc' dir='ltr'>καί</span> <span class='ocrx_word' id='word_1_127' title='bbox 821 1902 850 1950; x_wconf 79' lang='grc' dir='ltr'>τὸ</span> <span class='ocrx_word' id='word_1_128' title='bbox 860 1905 927 1964; x_wconf 80' lang='grc' dir='ltr'>γένος</span> <span class='ocrx_word' id='word_1_129' title='bbox 937 1902 1068 1966; x_wconf 77' lang='grc' dir='ltr'>Ὀλυνθίαν,</span> <span class='ocrx_word' id='word_1_130' title='bbox 1083 1907 1108 1954; x_wconf 79' lang='grc' dir='ltr'>εἰ</span> <span class='ocrx_word' id='word_1_131' title='bbox 1119 1910 1131 1968; x_wconf 82' lang='lat'>§</span> <span class='ocrx_word' id='word_1_132' title='bbox 1142 1907 1156 1954; x_wconf 84' lang='lat'><strong><em>5</em></strong></span> 
     </span>
     <span class='ocr_line' id='line_1_17' title="bbox 223 1968 1311 2086; baseline 0.002 -71"><span class='ocrx_word' id='word_1_133' title='bbox 223 1982 248 2028; x_wconf 86' lang='lat' dir='ltr'>p.</span> <span class='ocrx_word' id='word_1_134' title='bbox 264 1969 310 2016; x_wconf 82' lang='lat'>191</span> <span class='ocrx_word' id='word_1_135' title='bbox 321 1968 435 2027; x_wconf 74' lang='grc' dir='ltr'>μὴμόνον</span> <span class='ocrx_word' id='word_1_136' title='bbox 447 1970 478 2017; x_wconf 82' lang='grc' dir='ltr'>εἰς</span> <span class='ocrx_word' id='word_1_137' title='bbox 488 1969 610 2029; x_wconf 79' lang='grc' dir='ltr'>ἐλεύθερον</span> <span class='ocrx_word' id='word_1_138' title='bbox 621 1968 696 2025; x_wconf 77' lang='grc' dir='ltr'>σῶμα.</span> <span class='ocrx_word' id='word_1_139' title='bbox 1310 1991 1311 2086; x_wconf 53' lang='grc' dir='ltr'>ρ</span> 
     </span>
    </p>
   </div>
   <div class='ocr_carea' id='block_1_4' title="bbox 222 2030 1310 2288">
    <p class='ocr_par' dir='ltr' id='par_1_7' title="bbox 222 2030 1310 2288">
     <span class='ocr_line' id='line_1_18' title="bbox 273 2030 1156 2091; baseline 0.003 -11"><span class='ocrx_word' id='word_1_140' title='bbox 273 2035 286 2091; x_wconf 79' lang='lat'><strong>§</strong></span> <span class='ocrx_word' id='word_1_141' title='bbox 299 2033 353 2080; x_wconf 85' lang='lat'>218.</span> <span class='ocrx_word' id='word_1_142' title='bbox 387 2031 457 2090; x_wconf 78' lang='grc' dir='ltr'>οὗτοι,</span> <span class='ocrx_word' id='word_1_143' title='bbox 471 2049 511 2090; x_wconf 92' lang='grc' dir='ltr'>μοι</span> <span class='ocrx_word' id='word_1_144' title='bbox 522 2031 677 2078; x_wconf 77' lang='grc' dir='ltr'>δοκεῖΒΕΚΚ.</span> <span class='ocrx_word' id='word_1_145' title='bbox 711 2030 773 2079; x_wconf 80' lang='grc' dir='ltr'>οὔτοί</span> <span class='ocrx_word' id='word_1_146' title='bbox 783 2049 823 2090; x_wconf 91' lang='grc' dir='ltr'>μοι</span> <span class='ocrx_word' id='word_1_147' title='bbox 834 2033 898 2079; x_wconf 83' lang='grc' dir='ltr'>δοκεῖ</span> <span class='ocrx_word' id='word_1_148' title='bbox 906 2031 954 2080; x_wconf 76' lang='lat' dir='ltr'>En.</span> <span class='ocrx_word' id='word_1_149' title='bbox 968 2031 1059 2080; x_wconf 73' lang='lat' dir='ltr'>Temo.</span> <span class='ocrx_word' id='word_1_150' title='bbox 1072 2034 1156 2084; x_wconf 72' lang='lat' dir='ltr'>Venit.</span> 
     </span>
     <span class='ocr_line' id='line_1_19' title="bbox 223 2093 1156 2159; baseline 0.006 -17"><span class='ocrx_word' id='word_1_151' title='bbox 223 2095 307 2143; x_wconf 70' lang='lat' dir='ltr'>Basa.</span> <span class='ocrx_word' id='word_1_152' title='bbox 316 2098 347 2143; x_wconf 81' lang='lat' dir='ltr'>st.</span> <span class='ocrx_word' id='word_1_153' title='bbox 376 2098 451 2143; x_wconf 81' lang='grc' dir='ltr'>δοκεῖν</span> <span class='ocrx_word' id='word_1_154' title='bbox 461 2109 550 2142; x_wconf 83' lang='lat' dir='ltr'>omnes</span> <span class='ocrx_word' id='word_1_155' title='bbox 560 2097 659 2154; x_wconf 82' lang='lat' dir='ltr'>praeter</span> <span class='ocrx_word' id='word_1_156' title='bbox 671 2093 707 2151; x_wconf 63' lang='lat' dir='ltr'>S„</span> <span class='ocrx_word' id='word_1_157' title='bbox 715 2093 790 2142; x_wconf 87' lang='lat' dir='ltr'>hodio</span> <span class='ocrx_word' id='word_1_158' title='bbox 798 2095 1120 2159; x_wconf 58' lang='lat' dir='ltr'>revocavi—campio</span> <span class='ocrx_word' id='word_1_159' title='bbox 1132 2099 1156 2148; x_wconf 84' lang='lat' dir='ltr'>S.</span> 
     </span>
     <span class='ocr_line' id='line_1_20' title="bbox 222 2153 1310 2240; baseline 0.004 -33"><span class='ocrx_word' id='word_1_160' title='bbox 222 2159 282 2207; x_wconf 81' lang='lat' dir='ltr'>Mox</span> <span class='ocrx_word' id='word_1_161' title='bbox 298 2162 365 2208; x_wconf 74' lang='grc' dir='ltr'>κάλει</span> <span class='ocrx_word' id='word_1_162' title='bbox 382 2162 411 2219; x_wconf 82' lang='grc' dir='ltr'>δή</span> <span class='ocrx_word' id='word_1_163' title='bbox 426 2159 454 2208; x_wconf 87' lang='lat' dir='ltr'>F.</span> <span class='ocrx_word' id='word_1_164' title='bbox 469 2159 498 2219; x_wconf 83' lang='lat' dir='ltr'>Q.</span> <span class='ocrx_word' id='word_1_165' title='bbox 511 2162 536 2206; x_wconf 81' lang='lat' dir='ltr'>ct</span> <span class='ocrx_word' id='word_1_166' title='bbox 547 2173 562 2206; x_wconf 90' lang='lat' dir='ltr'>a</span> <span class='ocrx_word' id='word_1_167' title='bbox 573 2173 608 2206; x_wconf 92' lang='lat' dir='ltr'>m.</span> <span class='ocrx_word' id='word_1_168' title='bbox 621 2173 669 2206; x_wconf 88' lang='lat' dir='ltr'>sec.</span> <span class='ocrx_word' id='word_1_169' title='bbox 683 2158 861 2217; x_wconf 69' lang='lat' dir='ltr'>s—psm</span> <span class='ocrx_word' id='word_1_170' title='bbox 871 2159 947 2206; x_wconf 89' lang='lat' dir='ltr'>hodie</span> <span class='ocrx_word' id='word_1_171' title='bbox 958 2161 1047 2220; x_wconf 83' lang='lat' dir='ltr'>recepi</span> <span class='ocrx_word' id='word_1_172' title='bbox 1063 2163 1157 2210; x_wconf 81' lang='lat' dir='ltr'>Joann.</span> <span class='ocrx_word' id='word_1_173' title='bbox 1309 2153 1310 2240; x_wconf 56' lang='grc' dir='ltr'>ί</span> 
     </span>
     <span class='ocr_line' id='line_1_21' title="bbox 222 2223 1155 2288; baseline 0.006 -19"><span class='ocrx_word' id='word_1_174' title='bbox 222 2226 302 2272; x_wconf 84' lang='grc' dir='ltr'>τονικὰ</span> <span class='ocrx_word' id='word_1_175' title='bbox 318 2226 512 2286; x_wconf 79' lang='grc' dir='ltr'>παραγγέλματα</span> <span class='ocrx_word' id='word_1_176' title='bbox 528 2237 553 2284; x_wconf 92' lang='lat' dir='ltr'>p.</span> <span class='ocrx_word' id='word_1_177' title='bbox 571 2223 629 2281; x_wconf 87' lang='grc'>8,1.</span> <span class='ocrx_word' id='word_1_178' title='bbox 648 2224 678 2270; x_wconf 85' lang='lat'>23</span> <span class='ocrx_word' id='word_1_179' title='bbox 695 2224 788 2281; x_wconf 73' lang='grc' dir='ltr'>ἱμάντας</span> <span class='ocrx_word' id='word_1_180' title='bbox 806 2225 845 2271; x_wconf 77' lang='grc' dir='ltr'>καί</span> <span class='ocrx_word' id='word_1_181' title='bbox 867 2225 1000 2285; x_wconf 77' lang='grc' dir='ltr'>ἀνδριάντος</span> <span class='ocrx_word' id='word_1_182' title='bbox 1019 2225 1082 2287; x_wconf 83' lang='grc' dir='ltr'>ἅπερ</span> <span class='ocrx_word' id='word_1_183' title='bbox 1099 2231 1155 2288; x_wconf 91' lang='grc' dir='ltr'>παρ’</span> 
     </span>
    </p>
   </div>
   <div class='ocr_carea' id='block_1_5' title="bbox 220 2290 1157 2607">
    <p class='ocr_par' dir='ltr' id='par_1_8' title="bbox 223 2290 488 2350">
     <span class='ocr_line' id='line_1_22' title="bbox 223 2290 488 2350; baseline 0 -14"><span class='ocrx_word' id='word_1_184' title='bbox 223 2290 325 2337; x_wconf 80' lang='grc' dir='ltr'>ἀττικοῖς</span> <span class='ocrx_word' id='word_1_185' title='bbox 336 2291 488 2350; x_wconf 86' lang='grc' dir='ltr'>περισπᾶται.</span> 
     </span>
    </p>

    <p class='ocr_par' dir='ltr' id='par_1_9' title="bbox 220 2347 1157 2607">
     <span class='ocr_line' id='line_1_23' title="bbox 269 2347 1157 2415; baseline 0.006 -17"><span class='ocrx_word' id='word_1_186' title='bbox 269 2353 349 2409; x_wconf 65' lang='lat' dir='ltr'>§nlo</span> <span class='ocrx_word' id='word_1_187' title='bbox 382 2353 551 2414; x_wconf 79' lang='grc' dir='ltr'>διακρινούσης</span> <span class='ocrx_word' id='word_1_188' title='bbox 566 2350 591 2398; x_wconf 86' lang='lat' dir='ltr'>k.</span> <span class='ocrx_word' id='word_1_189' title='bbox 603 2365 622 2400; x_wconf 92' lang='lat' dir='ltr'>r.</span> <span class='ocrx_word' id='word_1_190' title='bbox 638 2364 659 2398; x_wconf 89' lang='lat' dir='ltr'>s.</span> <span class='ocrx_word' id='word_1_191' title='bbox 672 2353 714 2409; x_wconf 70' lang='lat' dir='ltr'>pm.</span> <span class='ocrx_word' id='word_1_192' title='bbox 726 2347 771 2400; x_wconf 75' lang='lat' dir='ltr'>Al.</span> <span class='ocrx_word' id='word_1_193' title='bbox 787 2350 879 2398; x_wconf 72' lang='lat' dir='ltr'>anx.</span> <span class='ocrx_word' id='word_1_194' title='bbox 897 2350 937 2398; x_wconf 88' lang='lat' dir='ltr'>oui</span> <span class='ocrx_word' id='word_1_195' title='bbox 950 2354 1038 2399; x_wconf 83' lang='lat' dir='ltr'>tamen</span> <span class='ocrx_word' id='word_1_196' title='bbox 1053 2355 1157 2415; x_wconf 83' lang='grc' dir='ltr'>διακρου-</span> 
     </span>
     <span class='ocr_line' id='line_1_24' title="bbox 221 2413 1153 2476; baseline 0 -11"><span class='ocrx_word' id='word_1_197' title='bbox 221 2419 324 2475; x_wconf 74' lang='grc' dir='ltr'>σαμένης</span> <span class='ocrx_word' id='word_1_198' title='bbox 344 2416 425 2476; x_wconf 84' lang='lat' dir='ltr'>magis</span> <span class='ocrx_word' id='word_1_199' title='bbox 446 2416 563 2476; x_wconf 76' lang='lat' dir='ltr'>placeret.</span> <span class='ocrx_word' id='word_1_200' title='bbox 599 2413 648 2462; x_wconf 73' lang='lat' dir='ltr'>Sed</span> <span class='ocrx_word' id='word_1_201' title='bbox 671 2415 817 2475; x_wconf 75' lang='grc' dir='ltr'>δακρυσάσης</span> <span class='ocrx_word' id='word_1_202' title='bbox 838 2417 937 2475; x_wconf 80' lang='lat' dir='ltr'>praeter</span> <span class='ocrx_word' id='word_1_203' title='bbox 959 2417 1055 2462; x_wconf 78' lang='lat' dir='ltr'>ceteros</span> <span class='ocrx_word' id='word_1_204' title='bbox 1077 2417 1153 2468; x_wconf 80' lang='lat' dir='ltr'>codd</span> 
     </span>
     <span class='ocr_line' id='line_1_25' title="bbox 220 2477 1156 2543; baseline 0.004 -17"><span class='ocrx_word' id='word_1_205' title='bbox 220 2479 429 2528; x_wconf 73' lang='lat' dir='ltr'>Demosthenicos</span> <span class='ocrx_word' id='word_1_206' title='bbox 446 2479 548 2539; x_wconf 80' lang='lat' dir='ltr'>praebet</span> <span class='ocrx_word' id='word_1_207' title='bbox 565 2479 643 2526; x_wconf 83' lang='lat' dir='ltr'>ctiam</span> <span class='ocrx_word' id='word_1_208' title='bbox 660 2477 744 2526; x_wconf 86' lang='lat' dir='ltr'>Schol.</span> <span class='ocrx_word' id='word_1_209' title='bbox 761 2478 839 2525; x_wconf 75' lang='lat' dir='ltr'>Anist.</span> <span class='ocrx_word' id='word_1_210' title='bbox 856 2478 965 2528; x_wconf 81' lang='lat' dir='ltr'>Acharn.</span> <span class='ocrx_word' id='word_1_211' title='bbox 982 2480 1030 2529; x_wconf 81' lang='lat'>319</span> <span class='ocrx_word' id='word_1_212' title='bbox 1048 2480 1102 2543; x_wconf 90' lang='lat' dir='ltr'>(qui</span> <span class='ocrx_word' id='word_1_213' title='bbox 1118 2501 1156 2543; x_wconf 90' lang='grc' dir='ltr'>χι-</span> 
     </span>
     <span class='ocr_line' id='line_1_26' title="bbox 221 2541 1156 2607; baseline 0.001 -15"><span class='ocrx_word' id='word_1_214' title='bbox 221 2543 303 2607; x_wconf 82' lang='grc' dir='ltr'>τῶνα),</span> <span class='ocrx_word' id='word_1_215' title='bbox 315 2546 341 2592; x_wconf 78' lang='lat' dir='ltr'>ot</span> <span class='ocrx_word' id='word_1_216' title='bbox 353 2550 368 2571; x_wconf 88' lang='lat'>“</span> <span class='ocrx_word' id='word_1_217' title='bbox 375 2543 468 2604; x_wconf 83' lang='lat' dir='ltr'>judicio</span> <span class='ocrx_word' id='word_1_218' title='bbox 480 2557 539 2590; x_wconf 86' lang='lat' dir='ltr'>eane</span> <span class='ocrx_word' id='word_1_219' title='bbox 551 2557 628 2603; x_wconf 87' lang='lat' dir='ltr'>quam</span> <span class='ocrx_word' id='word_1_220' title='bbox 641 2542 719 2590; x_wconf 85' lang='lat' dir='ltr'>velles</span> <span class='ocrx_word' id='word_1_221' title='bbox 732 2541 771 2606; x_wconf 77' lang='lat' dir='ltr'>(ut</span> <span class='ocrx_word' id='word_1_222' title='bbox 786 2556 845 2590; x_wconf 90' lang='lat' dir='ltr'>cum</span> <span class='ocrx_word' id='word_1_223' title='bbox 862 2542 996 2592; x_wconf 82' lang='lat' dir='ltr'>Schaeiero</span> <span class='ocrx_word' id='word_1_224' title='bbox 1012 2543 1045 2591; x_wconf 84' lang='lat' dir='ltr'>ad</span> <span class='ocrx_word' id='word_1_225' title='bbox 1060 2559 1087 2606; x_wconf 88' lang='lat' dir='ltr'>p.</span> <span class='ocrx_word' id='word_1_226' title='bbox 1099 2547 1156 2605; x_wconf 85' lang='grc'>398,</span> 
     </span>
    </p>
   </div>
   <div class='ocr_carea' id='block_1_6' title="bbox 214 2737 1306 3762">
    <p class='ocr_par' dir='ltr' id='par_1_10' title="bbox 214 2737 1306 3762">
     <span class='ocr_line' id='line_1_27' title="bbox 219 2737 1155 2801; baseline -0.001 -11"><span class='ocrx_word' id='word_1_227' title='bbox 219 2740 317 2800; x_wconf 78' lang='lat' dir='ltr'><strong>though</strong></span> <span class='ocrx_word' id='word_1_228' title='bbox 329 2754 343 2786; x_wconf 90' lang='lat' dir='ltr'>a</span> <span class='ocrx_word' id='word_1_229' title='bbox 353 2753 415 2800; x_wconf 89' lang='lat' dir='ltr'>poor</span> <span class='ocrx_word' id='word_1_230' title='bbox 423 2753 484 2786; x_wconf 89' lang='lat' dir='ltr'>man</span> <span class='ocrx_word' id='word_1_231' title='bbox 493 2737 544 2786; x_wconf 87' lang='lat' dir='ltr'>had</span> <span class='ocrx_word' id='word_1_232' title='bbox 554 2737 663 2798; x_wconf 77' lang='lat' dir='ltr'>rejected</span> <span class='ocrx_word' id='word_1_233' title='bbox 711 2737 944 2799; x_wconf 79' lang='grc' dir='ltr'>-ιίδημονούσης]</span> <span class='ocrx_word' id='word_1_234' title='bbox 963 2739 1092 2801; x_wconf 80' lang='lat' dir='ltr'>“Fesling</span> <span class='ocrx_word' id='word_1_235' title='bbox 1099 2740 1155 2790; x_wconf 85' lang='lat' dir='ltr'>her·</span> 
     </span>
     <span class='ocr_line' id='line_1_28' title="bbox 219 2763 1306 2867; baseline -0.003 -14"><span class='ocrx_word' id='word_1_236' title='bbox 219 2806 263 2853; x_wconf 82' lang='lat' dir='ltr'>the</span> <span class='ocrx_word' id='word_1_237' title='bbox 275 2803 534 2852; x_wconf 62' lang='grc' dir='ltr'>θύοι-Ὀλυνθίαν</span> <span class='ocrx_word' id='word_1_238' title='bbox 549 2803 661 2863; x_wconf 80' lang='grc' dir='ltr'>γυναῖκα]</span> <span class='ocrx_word' id='word_1_239' title='bbox 712 2803 760 2850; x_wconf 83' lang='lat' dir='ltr'>sslf</span> <span class='ocrx_word' id='word_1_240' title='bbox 777 2811 821 2850; x_wconf 79' lang='lat' dir='ltr'>not</span> <span class='ocrx_word' id='word_1_241' title='bbox 840 2810 867 2851; x_wconf 79' lang='grc' dir='ltr'>αδ</span> <span class='ocrx_word' id='word_1_242' title='bbox 884 2805 959 2860; x_wconf 65' lang='lat' dir='ltr'>honae,</span> <span class='ocrx_word' id='word_1_243' title='bbox 974 2806 1021 2850; x_wconf 78' lang='lat' dir='ltr'>not</span> <span class='ocrx_word' id='word_1_244' title='bbox 1037 2804 1156 2867; x_wconf 83' lang='lat' dir='ltr'>knowing</span> <span class='ocrx_word' id='word_1_245' title='bbox 1305 2763 1306 2850; x_wconf 80' lang='lat' dir='ltr'>i</span> 
     </span>
     <span class='ocr_line' id='line_1_29' title="bbox 218 2865 1155 2927; baseline -0.001 -9"><span class='ocrx_word' id='word_1_246' title='bbox 218 2869 319 2918; x_wconf 79' lang='lat' dir='ltr'>wifeof</span> <span class='ocrx_word' id='word_1_247' title='bbox 327 2866 516 2927; x_wconf 80' lang='lat' dir='ltr'>Aristophanes.</span> <span class='ocrx_word' id='word_1_248' title='bbox 540 2865 657 2916; x_wconf 84' lang='lat' dir='ltr'>Aeschin.</span> <span class='ocrx_word' id='word_1_249' title='bbox 711 2865 768 2914; x_wconf 88' lang='lat' dir='ltr'>how</span> <span class='ocrx_word' id='word_1_250' title='bbox 778 2869 805 2914; x_wconf 83' lang='lat' dir='ltr'>to</span> <span class='ocrx_word' id='word_1_251' title='bbox 816 2869 884 2916; x_wconf 81' lang='lat' dir='ltr'>act.’&#39;</span> <span class='ocrx_word' id='word_1_252' title='bbox 912 2866 1067 2916; x_wconf 73' lang='lat' dir='ltr'>SeeButtm.</span> <span class='ocrx_word' id='word_1_253' title='bbox 1079 2870 1155 2918; x_wconf 75' lang='lat' dir='ltr'>Lesi-</span> 
     </span>
     <span class='ocr_line' id='line_1_30' title="bbox 217 2931 1156 2996; baseline 0 -14"><span class='ocrx_word' id='word_1_254' title='bbox 217 2936 339 2994; x_wconf 80' lang='lat' dir='ltr'>abiscpr.</span> <span class='ocrx_word' id='word_1_255' title='bbox 711 2931 988 2993; x_wconf 78' lang='grc' dir='ltr'>ῑορ.6,13.-ὕβριν</span> <span class='ocrx_word' id='word_1_256' title='bbox 991 2969 1048 2980; x_wconf 90' lang='grc'>......</span> <span class='ocrx_word' id='word_1_257' title='bbox 1051 2934 1156 2996; x_wconf 78' lang='grc' dir='ltr'>τρυφᾶν]</span> 
     </span>
     <span class='ocr_line' id='line_1_31' title="bbox 251 2992 1156 3058; baseline 0.002 -14"><span class='ocrx_word' id='word_1_258' title='bbox 251 2998 333 3058; x_wconf 65' lang='lat'>5218.</span> <span class='ocrx_word' id='word_1_259' title='bbox 367 2993 453 3042; x_wconf 84' lang='lat' dir='ltr'>“This</span> <span class='ocrx_word' id='word_1_260' title='bbox 465 2992 659 3041; x_wconf 78' lang='lat' dir='ltr'>womaninthe</span> <span class='ocrx_word' id='word_1_261' title='bbox 711 2995 824 3041; x_wconf 82' lang='lat' dir='ltr'>“Itwas</span> <span class='ocrx_word' id='word_1_262' title='bbox 840 2997 955 3043; x_wconf 76' lang='lat' dir='ltr'>echome</span> <span class='ocrx_word' id='word_1_263' title='bbox 972 2993 1156 3046; x_wconf 75' lang='lat' dir='ltr'>that...shonld</span> 
     </span>
     <span class='ocr_line' id='line_1_32' title="bbox 217 3058 956 3121; baseline -0.007 -10"><span class='ocrx_word' id='word_1_264' title='bbox 217 3063 274 3110; x_wconf 81' lang='lat' dir='ltr'>first</span> <span class='ocrx_word' id='word_1_265' title='bbox 288 3061 403 3108; x_wconf 81' lang='lat' dir='ltr'>instance</span> <span class='ocrx_word' id='word_1_266' title='bbox 420 3059 514 3118; x_wconf 82' lang='lat' dir='ltr'>merely</span> <span class='ocrx_word' id='word_1_267' title='bbox 526 3058 622 3118; x_wconf 81' lang='lat' dir='ltr'>quietly</span> <span class='ocrx_word' id='word_1_268' title='bbox 632 3062 659 3104; x_wconf 79' lang='lat' dir='ltr'>to</span> <span class='ocrx_word' id='word_1_269' title='bbox 709 3061 764 3118; x_wconf 82' lang='grc' dir='ltr'>ριύι</span> <span class='ocrx_word' id='word_1_270' title='bbox 777 3060 870 3121; x_wconf 76' lang='lat' dir='ltr'>herself</span> <span class='ocrx_word' id='word_1_271' title='bbox 878 3061 956 3107; x_wconf 79' lang='grc' dir='ltr'>αι’τι.”</span> 
     </span>
     <span class='ocr_line' id='line_1_33' title="bbox 217 3121 1155 3186; baseline 0 -12"><span class='ocrx_word' id='word_1_272' title='bbox 217 3125 292 3174; x_wconf 89' lang='lat' dir='ltr'>drink</span> <span class='ocrx_word' id='word_1_273' title='bbox 303 3123 355 3172; x_wconf 91' lang='lat' dir='ltr'>and</span> <span class='ocrx_word' id='word_1_274' title='bbox 366 3131 407 3171; x_wconf 79' lang='lat' dir='ltr'>eet</span> <span class='ocrx_word' id='word_1_275' title='bbox 418 3125 509 3170; x_wconf 76' lang='lat' dir='ltr'>decere</span> <span class='ocrx_word' id='word_1_276' title='bbox 521 3121 581 3182; x_wconf 78' lang='lat' dir='ltr'>they</span> <span class='ocrx_word' id='word_1_277' title='bbox 592 3121 658 3168; x_wconf 78' lang='lat' dir='ltr'>tried</span> <span class='ocrx_word' id='word_1_278' title='bbox 741 3123 828 3181; x_wconf 69' lang='lat'>5219.</span> <span class='ocrx_word' id='word_1_279' title='bbox 861 3123 960 3186; x_wconf 76' lang='grc' dir='ltr'>ῥυτῆρα]</span> <span class='ocrx_word' id='word_1_280' title='bbox 991 3122 1036 3170; x_wconf 84' lang='lat' dir='ltr'>ie.</span> <span class='ocrx_word' id='word_1_281' title='bbox 1057 3126 1155 3179; x_wconf 75' lang='grc' dir='ltr'>ἱμᾶντα.</span> 
     </span>
     <span class='ocr_line' id='line_1_34' title="bbox 216 3184 1153 3246; baseline -0.001 -8"><span class='ocrx_word' id='word_1_282' title='bbox 216 3193 244 3239; x_wconf 82' lang='lat' dir='ltr'>to</span> <span class='ocrx_word' id='word_1_283' title='bbox 268 3190 344 3245; x_wconf 82' lang='lat' dir='ltr'>force,</span> <span class='ocrx_word' id='word_1_284' title='bbox 370 3188 383 3236; x_wconf 97' lang='lat' dir='ltr'>I</span> <span class='ocrx_word' id='word_1_285' title='bbox 407 3185 498 3234; x_wconf 83' lang='lat' dir='ltr'>should</span> <span class='ocrx_word' id='word_1_286' title='bbox 522 3188 656 3246; x_wconf 88' lang='lat' dir='ltr'>suppose.”</span> <span class='ocrx_word' id='word_1_287' title='bbox 710 3184 743 3233; x_wconf 84' lang='lat' dir='ltr'>So</span> <span class='ocrx_word' id='word_1_288' title='bbox 765 3185 858 3234; x_wconf 80' lang='lat' dir='ltr'>Aneed.</span> <span class='ocrx_word' id='word_1_289' title='bbox 880 3186 961 3233; x_wconf 85' lang='lat' dir='ltr'>Bokk.</span> <span class='ocrx_word' id='word_1_290' title='bbox 984 3201 1009 3246; x_wconf 91' lang='lat' dir='ltr'>p.</span> <span class='ocrx_word' id='word_1_291' title='bbox 1032 3188 1089 3245; x_wconf 89' lang='grc'>299,</span> <span class='ocrx_word' id='word_1_292' title='bbox 1112 3191 1153 3237; x_wconf 89' lang='grc'>28.</span> 
     </span>
     <span class='ocr_line' id='line_1_35' title="bbox 214 3249 1154 3314; baseline -0.001 -12"><span class='ocrx_word' id='word_1_293' title='bbox 214 3253 266 3303; x_wconf 76' lang='lat' dir='ltr'>For</span> <span class='ocrx_word' id='word_1_294' title='bbox 281 3257 381 3314; x_wconf 82' lang='grc' dir='ltr'>τρώγειν</span> <span class='ocrx_word' id='word_1_295' title='bbox 400 3251 436 3314; x_wconf 73' lang='lat' dir='ltr'>(to</span> <span class='ocrx_word' id='word_1_296' title='bbox 451 3252 491 3298; x_wconf 72' lang='lat' dir='ltr'>eoi</span> <span class='ocrx_word' id='word_1_297' title='bbox 505 3249 657 3312; x_wconf 83' lang='grc' dir='ltr'>τραγήματα)</span> <span class='ocrx_word' id='word_1_298' title='bbox 707 3251 786 3312; x_wconf 75' lang='grc' dir='ltr'>ῥυτήρ,</span> <span class='ocrx_word' id='word_1_299' title='bbox 816 3250 933 3310; x_wconf 83' lang='lat' dir='ltr'>properly</span> <span class='ocrx_word' id='word_1_300' title='bbox 961 3250 1041 3298; x_wconf 75' lang='lat' dir='ltr'>“that</span> <span class='ocrx_word' id='word_1_301' title='bbox 1068 3251 1154 3301; x_wconf 73' lang='lat' dir='ltr'>which</span> 
     </span>
     <span class='ocr_line' id='line_1_36' title="bbox 215 3313 1153 3379; baseline 0 -13"><span class='ocrx_word' id='word_1_302' title='bbox 215 3333 253 3379; x_wconf 91' lang='lat' dir='ltr'>op.</span> <span class='ocrx_word' id='word_1_303' title='bbox 269 3317 346 3365; x_wconf 82' lang='lat' dir='ltr'>Arist.</span> <span class='ocrx_word' id='word_1_304' title='bbox 364 3317 416 3363; x_wconf 88' lang='lat' dir='ltr'>Pax</span> <span class='ocrx_word' id='word_1_305' title='bbox 433 3315 496 3362; x_wconf 86' lang='grc'>1324</span> <span class='ocrx_word' id='word_1_306' title='bbox 518 3317 579 3363; x_wconf 81' lang='grc' dir='ltr'>σῦκα</span> <span class='ocrx_word' id='word_1_307' title='bbox 599 3317 657 3376; x_wconf 85' lang='grc' dir='ltr'>τρώ-</span> <span class='ocrx_word' id='word_1_308' title='bbox 708 3313 816 3362; x_wconf 86' lang='lat' dir='ltr'>draws:’&#39;</span> <span class='ocrx_word' id='word_1_309' title='bbox 828 3313 931 3374; x_wconf 75' lang='lat' dir='ltr'>applied</span> <span class='ocrx_word' id='word_1_310' title='bbox 944 3313 978 3374; x_wconf 86' lang='lat' dir='ltr'>by</span> <span class='ocrx_word' id='word_1_311' title='bbox 992 3313 1108 3374; x_wconf 84' lang='lat' dir='ltr'>Sophool.</span> <span class='ocrx_word' id='word_1_312' title='bbox 1130 3324 1153 3366; x_wconf 77' lang='grc' dir='ltr'>ιο</span> 
     </span>
     <span class='ocr_line' id='line_1_37' title="bbox 214 3377 1154 3444; baseline -0.001 -14"><span class='ocrx_word' id='word_1_313' title='bbox 214 3400 273 3444; x_wconf 86' lang='grc' dir='ltr'>γειν,</span> <span class='ocrx_word' id='word_1_314' title='bbox 291 3380 385 3429; x_wconf 85' lang='lat' dir='ltr'>Herod.</span> <span class='ocrx_word' id='word_1_315' title='bbox 403 3393 437 3427; x_wconf 85' lang='lat' dir='ltr'>1v.</span> <span class='ocrx_word' id='word_1_316' title='bbox 456 3381 501 3426; x_wconf 88' lang='lat'>143</span> <span class='ocrx_word' id='word_1_317' title='bbox 520 3379 582 3440; x_wconf 75' lang='grc' dir='ltr'>ῥοιας</span> <span class='ocrx_word' id='word_1_318' title='bbox 599 3381 657 3441; x_wconf 69' lang='lat' dir='ltr'>rpo-</span> <span class='ocrx_word' id='word_1_319' title='bbox 709 3379 826 3425; x_wconf 77' lang='lat' dir='ltr'>thoceio:</span> <span class='ocrx_word' id='word_1_320' title='bbox 845 3377 905 3425; x_wconf 88' lang='lat' dir='ltr'>Oed.</span> <span class='ocrx_word' id='word_1_321' title='bbox 918 3377 971 3425; x_wconf 83' lang='lat'>001.</span> <span class='ocrx_word' id='word_1_322' title='bbox 983 3379 1031 3428; x_wconf 84' lang='lat'>900</span> <span class='ocrx_word' id='word_1_323' title='bbox 1043 3382 1154 3429; x_wconf 77' lang='grc' dir='ltr'>σπεύδειν</span> 
     </span>
     <span class='ocr_line' id='line_1_38' title="bbox 214 3441 1153 3508; baseline -0.001 -14"><span class='ocrx_word' id='word_1_324' title='bbox 214 3441 656 3508; x_wconf 53' lang='lat' dir='ltr'>&#39;yemalicccdovrctfflineupon)</span> <span class='ocrx_word' id='word_1_325' title='bbox 708 3443 755 3489; x_wconf 77' lang='grc' dir='ltr'>ἀπὸ</span> <span class='ocrx_word' id='word_1_326' title='bbox 784 3443 881 3503; x_wconf 72' lang='grc' dir='ltr'>ῥυτῆρος</span> <span class='ocrx_word' id='word_1_327' title='bbox 914 3442 1041 3500; x_wconf 77' lang='lat' dir='ltr'>(detractis</span> <span class='ocrx_word' id='word_1_328' title='bbox 1068 3444 1153 3504; x_wconf 77' lang='lat' dir='ltr'>frenis</span> 
     </span>
     <span class='ocr_line' id='line_1_39' title="bbox 215 3503 1153 3568; baseline -0.004 -12"><span class='ocrx_word' id='word_1_329' title='bbox 215 3509 258 3558; x_wconf 83' lang='grc' dir='ltr'>οὐκ</span> <span class='ocrx_word' id='word_1_330' title='bbox 276 3512 321 3558; x_wconf 81' lang='grc' dir='ltr'>ὅσα</span> <span class='ocrx_word' id='word_1_331' title='bbox 340 3511 448 3556; x_wconf 77' lang='grc' dir='ltr'>ἐθέλουσι</span> <span class='ocrx_word' id='word_1_332' title='bbox 452 3546 508 3557; x_wconf 93' lang='grc'>......</span> <span class='ocrx_word' id='word_1_333' title='bbox 512 3506 538 3555; x_wconf 87' lang='grc' dir='ltr'>ού</span> <span class='ocrx_word' id='word_1_334' title='bbox 558 3509 618 3555; x_wconf 82' lang='grc' dir='ltr'>σῦκα</span> <span class='ocrx_word' id='word_1_335' title='bbox 632 3508 657 3554; x_wconf 79' lang='grc' dir='ltr'>δὲ</span> <span class='ocrx_word' id='word_1_336' title='bbox 707 3505 859 3566; x_wconf 81' lang='lat' dir='ltr'>Hermann).</span> <span class='ocrx_word' id='word_1_337' title='bbox 870 3503 1011 3565; x_wconf 77' lang='lat' dir='ltr'>Aeschin.§</span> <span class='ocrx_word' id='word_1_338' title='bbox 1024 3505 1070 3557; x_wconf 84' lang='lat'>157</span> <span class='ocrx_word' id='word_1_339' title='bbox 1082 3520 1107 3568; x_wconf 89' lang='lat' dir='ltr'>p.</span> <span class='ocrx_word' id='word_1_340' title='bbox 1120 3509 1153 3558; x_wconf 84' lang='grc'>49</span> 
     </span>
     <span class='ocr_line' id='line_1_40' title="bbox 214 3569 1152 3634; baseline -0.001 -13"><span class='ocrx_word' id='word_1_341' title='bbox 214 3575 297 3634; x_wconf 82' lang='grc' dir='ltr'>ἔχουσι</span> <span class='ocrx_word' id='word_1_342' title='bbox 307 3576 436 3634; x_wconf 83' lang='grc' dir='ltr'>τρώγειν.</span> <span class='ocrx_word' id='word_1_343' title='bbox 460 3571 522 3618; x_wconf 80' lang='lat' dir='ltr'>This</span> <span class='ocrx_word' id='word_1_344' title='bbox 533 3584 583 3618; x_wconf 79' lang='lat' dir='ltr'>was</span> <span class='ocrx_word' id='word_1_345' title='bbox 592 3573 657 3633; x_wconf 76' lang='lat' dir='ltr'>oster</span> <span class='ocrx_word' id='word_1_346' title='bbox 708 3569 744 3618; x_wconf 76' lang='lat' dir='ltr'>Sl.</span> <span class='ocrx_word' id='word_1_347' title='bbox 753 3570 827 3616; x_wconf 78' lang='lat'>:322</span> <span class='ocrx_word' id='word_1_348' title='bbox 843 3569 874 3616; x_wconf 90' lang='lat' dir='ltr'>R.</span> <span class='ocrx_word' id='word_1_349' title='bbox 886 3572 968 3631; x_wconf 85' lang='grc' dir='ltr'>λαβὼν</span> <span class='ocrx_word' id='word_1_350' title='bbox 982 3570 1073 3631; x_wconf 79' lang='grc' dir='ltr'>ῥυτῆρα</span> <span class='ocrx_word' id='word_1_351' title='bbox 1088 3589 1152 3629; x_wconf 84' lang='grc' dir='ltr'>μασ-</span> 
     </span>
     <span class='ocr_line' id='line_1_41' title="bbox 214 3634 1151 3696; baseline 0.001 -11"><span class='ocrx_word' id='word_1_352' title='bbox 214 3639 309 3696; x_wconf 71' lang='lat' dir='ltr'>diener,</span> <span class='ocrx_word' id='word_1_353' title='bbox 331 3650 359 3682; x_wconf 85' lang='lat' dir='ltr'>as</span> <span class='ocrx_word' id='word_1_354' title='bbox 378 3636 400 3682; x_wconf 92' lang='lat' dir='ltr'>is</span> <span class='ocrx_word' id='word_1_355' title='bbox 418 3635 513 3696; x_wconf 86' lang='lat' dir='ltr'>proved</span> <span class='ocrx_word' id='word_1_356' title='bbox 531 3634 565 3695; x_wconf 86' lang='lat' dir='ltr'>by</span> <span class='ocrx_word' id='word_1_357' title='bbox 580 3637 593 3693; x_wconf 64' lang='grc' dir='ltr'><strong>ξ</strong></span> <span class='ocrx_word' id='word_1_358' title='bbox 609 3636 656 3684; x_wconf 83' lang='grc'>217</span> <span class='ocrx_word' id='word_1_359' title='bbox 706 3635 796 3694; x_wconf 83' lang='grc' dir='ltr'>τιγοΐμι</span> <span class='ocrx_word' id='word_1_360' title='bbox 812 3635 856 3692; x_wconf 80' lang='grc' dir='ltr'>τὴν</span> <span class='ocrx_word' id='word_1_361' title='bbox 870 3635 1023 3694; x_wconf 79' lang='grc' dir='ltr'>αἰχμάλωτον</span> <span class='ocrx_word' id='word_1_362' title='bbox 1038 3637 1151 3695; x_wconf 80' lang='grc' dir='ltr'>γυναῖκα.</span> 
     </span>
     <span class='ocr_line' id='line_1_42' title="bbox 215 3697 1150 3762; baseline -0.003 -12"><span class='ocrx_word' id='word_1_363' title='bbox 215 3702 296 3759; x_wconf 75' lang='grc' dir='ltr'>ἐπειδὴ</span> <span class='ocrx_word' id='word_1_364' title='bbox 315 3703 340 3748; x_wconf 83' lang='grc' dir='ltr'>δὲ</span> <span class='ocrx_word' id='word_1_365' title='bbox 359 3699 426 3759; x_wconf 85' lang='grc' dir='ltr'>ἧκον</span> <span class='ocrx_word' id='word_1_366' title='bbox 447 3702 485 3748; x_wconf 79' lang='grc' dir='ltr'>εἰς</span> <span class='ocrx_word' id='word_1_367' title='bbox 503 3697 535 3747; x_wconf 84' lang='grc' dir='ltr'>τδ</span> <span class='ocrx_word' id='word_1_368' title='bbox 555 3700 653 3747; x_wconf 80' lang='grc' dir='ltr'>τίνειν.</span> <span class='ocrx_word' id='word_1_369' title='bbox 704 3699 840 3758; x_wconf 77' lang='grc' dir='ltr'>-ξοιίνει</span> <span class='ocrx_word' id='word_1_370' title='bbox 858 3698 961 3758; x_wconf 78' lang='grc' dir='ltr'>πολλάς]</span> <span class='ocrx_word' id='word_1_371' title='bbox 978 3697 1024 3747; x_wconf 67' lang='lat' dir='ltr'>is.</span> <span class='ocrx_word' id='word_1_372' title='bbox 1043 3702 1150 3762; x_wconf 64' lang='grc' dir='ltr'>πληγάς.</span> 
     </span>
    </p>
   </div>
   <div class='ocr_carea' id='block_1_7' title="bbox 0 0 1324 4204">
    <p class='ocr_par' dir='ltr' id='par_1_11' title="bbox 0 0 1324 4204">
     <span class='ocr_line' id='line_1_43' title="bbox 0 0 1324 4204; baseline 0 6"><span class='ocrx_word' id='word_1_373' title='bbox 0 0 1324 4204; x_wconf 95' lang='lat' dir='ltr'> </span> 
     </span>
    </p>
   </div>
  </div>
 </body>
</html>
