2640 4194
606 214 627 288 7

149 372 232 461 ἔχων
258 369 314 448 τήν
343 369 540 458 κατηγορίαν.
584 370 749 454 γενομένης
773 369 835 455 γάρ
861 374 917 452 τῆς
942 370 1086 458 δευτέρας

95 495 97 502 ·
149 474 331 559 πρεσβείας,
355 473 508 555 μαθόντες
533 471 565 536 οἱ
586 471 748 552 Ἀθηναῖοι
773 473 831 554 τήν
855 477 919 539 τῶν
948 472 1086 538 Φωκέων

149 573 318 654 άπώλειαν,
332 573 567 656 ἐσκευαγώγουν
582 575 616 638 ἐκ
631 579 693 640 τῶν
708 573 813 660 α’γρών
827 575 881 640 καὶ
896 576 929 641 έν
949 574 953 662 Ι
972 579 1087 664 πολλῷ
1104 595 1167 660 339

150 675 276 760 θορύβῳ
298 673 391 756 ἦσαν’
423 675 476 740 καὶ
497 674 578 756 μετὰ
599 677 671 759 τρία
693 675 748 756 ἔτη
774 677 921 757 εἰσῆλθεν
943 675 959 741 ό
980 682 1086 758 Δημο-

150 775 262 855 σθένης
280 775 506 862 κατηγορήσων
526 775 692 865 Αἰσχίνου.
736 776 790 844 καὶ
809 777 906 861 κρίνει
925 776 1018 843 αύτὸν
1033 777 1086 842 διὰ

149 877 202 944 δύο
229 879 422 961 ἐγκλήματα,
449 876 502 942 διά
524 878 580 959 τὴν
605 877 767 943 ἀπώλειαν
790 881 851 944 τῶν
873 879 1009 944 Φωκέων
1032 879 1086 943 καὶ

149 981 202 1046 διά
225 980 420 1068 δωροδοκίαν.
467 980 571 1046 ἰστέον
600 979 633 1045 δὲ
657 979 706 1045 ότι
734 975 968 1067 προηγούμενόν
997 985 1086 1050 ἐστιν

150 1081 303 1163 ἔγκλημα,
330 1080 380 1147 ότι
405 1081 774 1152 Φωκεῖςάπολώλασιν.
818 1082 897 1169 πρός
926 1084 1086 1152 σύστασιν

150 1184 262 1249 τούτου
287 1183 430 1269 δεύτερον
455 1183 590 1269 ἐνέκαψε
616 1183 746 1266 ζήτημα,
771 1183 820 1248 ότι
845 1185 898 1250 ε’πὶ
922 1186 1087 1274 χρήμασιν

149 1285 291 1376 Αἰσχίνῃ
310 1288 401 1350 τοῦτο
422 1284 621 1367 τετόλμηται,
639 1283 679 1354 ώς
699 1284 858 1352 σύστασιν
871 1285 1015 1368 γίνεσθαι
1030 1296 1085 1354 τοῦ

149 1391 304 1475 προτέρου
334 1387 531 1471 ἐγκλήματος
560 1390 614 1451 τοῦ
644 1385 724 1452 κατὰ
754 1388 890 1457 Φωκέας.
935 1390 1087 1477 τεκμήριά

150 1493 221 1557 ε’στι
241 1495 297 1557 τοῦ
319 1489 426 1556 πάλαι
447 1493 547 1553 ταῦτα
565 1489 803 1572 ἐσκευωρήσθαι
822 1490 877 1554 καὶ
896 1494 1085 1558 κατεσκευά-

150 1602 234 1679 σθαι,
251 1599 289 1672 δί
306 1597 347 1663 ὦν
357 1597 427 1680 άμα
442 1597 496 1663 καὶ
511 1601 697 1683 προαναιρεῖ
710 1595 747 1661 τό
764 1597 903 1684 χρῶμαιτ
917 1598 1084 1687 Αἰσχίνου,

149 1702 400 1790 καταφεύγοντος
420 1700 474 1766 ἐπὶ
494 1699 623 1782 άγνοιαν
641 1699 694 1765 καὶ
709 1700 906 1782 συγγνώμην.
950 1702 1003 1766 καὶ
1017 1703 1086 1768 τού-

149 1833 214 1872 των
233 1805 274 1871 τά
290 1807 349 1890 μὲν
370 1806 405 1870 ἐκ
425 1809 487 1871 τῶν
506 1803 703 1892 παρειμένων
721 1805 842 1891 εἴληφε,
858 1804 899 1870 τά
918 1805 952 1870 δέ
971 1807 1007 1870 ε’κ
1024 1812 1087 1888 τῶν

148 1909 388 1996 πεπραγμένων.
433 1913 561 1973 συνεῖπε
578 1906 638 1992 γάρ
654 1906 847 1994 Φιλοκράτει
862 1906 935 1973 ἄνευ
950 1909 1087 1973 Φωκέων

148 2013 303 2097 γράφοντι
322 2011 379 2091 τὴν
400 2011 532 2097 εἰρήνην.
577 2009 633 2076 ούκ
647 2009 767 2086 ἔλαβεν
781 2008 889 2094 ’όρκους
903 2011 992 2095 παρά
1006 2013 1086 2076 Θετ-

149 2119 255 2180 ταλῶν
274 2113 527 2203 συμμαχούντων
547 2114 713 2198 Φιλίππῳ,
731 2113 762 2178 οἳ
780 2111 834 2177 οὐκ
855 2111 894 2176 ἂν
913 2112 1085 2200 συνεστρά-

149 2242 265 2282 τευσαν
280 2216 333 2282 ἐπὶ
348 2214 486 2293 Φωκέας,
502 2215 589 2302 εἴπερ
605 2214 769 2285 δεδωκότες
783 2214 866 2296 ἦσαν
880 2214 950 2284 τοὺς
964 2213 1083 2300 ύρκους.

149 2319 276 2385 ἐνέδωκε
291 2317 448 2402 Φιλίππῳ
468 2316 598 2406 χρόνῳ18
618 2316 930 2401 παρασκευάσασθαι
952 2317 1010 2396 τήν
1031 2318 1085 2382 ἐπὶ

149 2419 278 2489 Φωκέας
299 2418 475 2504 στρατείαν·
497 2417 642 2504 διέτριψε
660 2417 722 2500 γὰρ
743 2418 856 2486 ἐκεῖνος
870 2418 940 2488 τοὺς
953 2418 1085 2506 χρόνους

149 2521 326 2604 ἐξεπίτηδες
351 2521 540 2595 ἀναλίσκων,
568 2519 618 2584 ἵνα
642 2520 685 2602 μή
709 2519 926 2603 περιπλεύσας
950 2521 966 2584 ὁ
990 2521 1084 2605 δῆμος

148 2626 261 2708 κλείσῃ
276 2625 332 2695 τὰς
347 2625 464 2693 Πύλας.
510 2622 691 2704 ἐξηπάτησε
712 2622 769 2702 τὴν
787 2622 884 2688 πόλιν
904 2625 1086 2690 ἐπανελθών

148 2725 292 2804 ἐπίτηδες
313 2725 433 2792 διτταῖς
453 2725 574 2797 ἐλπίσι,
590 2727 649 2811 μιᾷ
667 2724 725 2806 μὲν
744 2721 793 2789 ότι
809 2723 1004 2791 ἀπολοῦνται
1021 2730 1081 2808 Θη·

146 2827 270 2907 βαῖοι”,
298 2826 389 2914 ἑτέρᾳ
418 2826 451 2892 δέ
478 2825 527 2892 ότι
557 2829 678 2897 Φωκεῖς
700 2825 911 2907 σωθήσονται,
939 2827 1022 2894 ὥστε
1041 2831 1084 2913 μή

148 2928 331 3012 ἐγγενέσθαι
358 2927 604 3006 βουλεύσασθαί
629 2955 661 2993 τι
690 2928 789 3011 δεξιὸν
823 2928 902 3016 ὑπὲρ
938 2930 1083 2996 Φωκέων·

149 3029 219 3096 εἶπε
237 3029 299 3115 γάρ
319 3029 383 3095 δεῖν
404 3028 561 3114 Φιλίππῳ
576 3028 747 3095 πιστεύειν·
770 3027 886 3094 σώσειν
900 3031 961 3116 γάρ
976 3029 1086 3101 αὐτούς

148 3137 187 3216 τῇ
206 3131 300 3197 πόλει
321 3131 542 3213 ἐπηγγειλατο.
586 3129 713 3196 καὶτοῦ
732 3130 790 3213 μὲν
810 3131 965 3216 προτέρου
986 3133 1086 3196 ταῦτα

148 3233 310 3321 τεκμήρια·
334 3238 389 3298 τοῦ
411 3232 445 3298 δέ
466 3231 610 3318 δευτέρου
632 3236 687 3297 τοῦ
704 3231 777 3317 περὶ
798 3236 860 3296 τῶν
880 3231 993 3316 δώρων,
1011 3231 1086 3318 ἐνῷ

149 3338 304 3404 δείκνυται
316 3337 365 3402 ότι
380 3335 530 3424 χρήματα
541 3338 671 3422 εἴληφεν
681 3335 846 3423 Αἰσχίνης,
859 3337 959 3399 ταῦτα
973 3336 1085 3420 τεκμή-

180 3503 236 3553 339.
255 3501 304 3565 (17)
316 3504 345 3551 τό
365 3503 451 3562 χρῶμα
472 3500 548 3565 (color
567 3514 587 3552 ε.
641 3500 735 3551 Techn.
749 3500 794 3550 Gr.
828 3501 879 3564 (18)
896 3503 980 3565 χρόνον
1000 3517 1085 3552 emen·

144 3569 296 3630 ρι’ρνιειιιυια
326 3565 443 3629 Quintil.)
471 3566 590 3624 “oolour,
640 3565 710 3616 dant.
748 3566 798 3629 (19)
815 3567 920 3630 θηβαΐαι
935 3582 986 3616 om.
1007 3568 1084 3620 eodd.

147 3628 260 3690 varnish,
271 3629 483 3690 embellishment,
497 3629 593 3678 colour-
639 3631 740 3690 praeter
753 3634 798 3681 am.

149 3695 205 3745 able
222 3697 337 3746 excuse?
370 3693 428 3746 vid.
446 3694 509 3745 Em.
528 3693 592 3744 Lex.
