2640 4204
352 236 414 300 DE
442 233 583 299 FALSA
610 231 874 298 LEGATIONE.
1025 235 1087 298 193

143 390 265 478 ἄριστα
279 387 297 453 ὁ
310 388 407 460 τιθεὶς
421 388 475 454 τὸν
489 387 584 471 νόμον
598 386 659 454 εἶδε
672 384 710 452 τὸ
724 385 865 471 κρύβδην
879 384 1087 474 ψηφίζεσθαι,

60 499 126 557 266
142 494 195 562 ’ὅτι
208 494 327 560 τούτων
344 495 402 576 μὲν
420 492 518 562 ου’δεὶς
532 493 652 558 εἴσεται
668 491 723 557 τὸν
741 491 841 577 ἑαυτῷ
860 488 1088 577 κεχαρισμένον

143 594 240 678 ὑμῶν,
257 594 289 660 οἱ
301 596 366 660 θεοὶ
381 594 416 659 δὲ
435 595 575 662 εἴσονται
595 593 650 660 καὶ
669 592 706 658 τὸ
720 591 880 673 δαιμόνιον
898 591 904 680 Ι
922 590 1033 674 τὸνμὴ
1048 590 1088 657 τά
1100 580 1164 659 416

143 695 253 764 δίκαια
266 696 506 785 ψηφισάμενον.
540 695 616 780 παρ’
632 694 674 761 ὧν
691 694 834 781 κρεῖττόν
853 696 943 760 ἐστιν
962 695 1088 782 ἑκάστῳ
1103 721 1159 773 240

143 803 202 872 τὰς
224 800 347 884 ιιίγαθάς
370 798 502 868 ἐλπίδας
524 803 588 868 τοῖς
610 796 706 862 παισί
724 797 779 862 καὶ
798 798 899 883 ἑαυτῷ
919 794 960 863 τά
983 795 1090 862 δίκαια

143 901 263 986 γνόντα
287 902 342 967 καὶ
370 901 412 966 τά
441 900 646 988 προσήκοντα
674 896 1002 983 περιποιήσασθαι,ἢ
1033 897 1092 979 την

144 1003 254 1090 ἀφανῆ
282 1005 337 1070 καὶ
365 1003 484 1084 ἄδηλον
511 1001 607 1094 χάριν
642 1001 765 1071 τούτοις
801 998 1006 1078 καταθέσθαι,
1037 999 1091 1064 καὶ

144 1106 274 1194 ἀφεῖναι
303 1110 415 1172 τοῦτον
443 1103 475 1175 ὃς
501 1103 592 1175 αὐτὸς
621 1104 733 1170 ἑαυτοῦ
762 1101 1089 1189 καταμεμαρτύρηκεν.

66 1221 129 1294 267
145 1209 218 1273 τίνα
242 1206 313 1293 ιγάρ,
339 1205 490 1294 Αἰσχίνη,
514 1203 660 1292 μάρτυρα
676 1204 771 1287 μείζω
795 1203 1016 1292 παράσχωμαι
1034 1207 1091 1269 τοῦ

146 1309 259 1374 πολλὰ
280 1308 334 1374 καὶ
356 1307 441 1372 δεινὰ
461 1308 729 1393 πεπρεσβεῦσθαί
748 1333 801 1372 σοι
820 1305 840 1388 ἢ
860 1306 899 1370 σὲ
916 1305 998 1371 κατὰ
1013 1332 1090 1372 σαυ-

147 1413 221 1488 τοῦ;
250 1406 282 1478 ὃς
306 1407 370 1494 γάρ
393 1407 495 1494 ᾠήθης
519 1412 636 1497 χρῆναι
659 1407 714 1474 τὸν
738 1408 873 1494 φανερόν
897 1433 930 1472 τι
955 1409 1090 1488 ποιῆσαι

146 1512 350 1592 βουληθέντα
372 1513 435 1579 τῶν
455 1510 508 1578 σοὶ
530 1510 820 1596 πεπρεσβευμένων
840 1509 1015 1596 τηλικαύτη
1037 1513 1092 1578 καὶ

149 1615 278 1703 τοιαύτη
301 1621 453 1706 συμφορᾷ
473 1616 671 1701 περιβαλεῖν,
689 1614 786 1696 δῆλον
807 1612 856 1680 ύτι
878 1613 978 1681 δεινὸν
998 1615 1038 1681 ἄν
1060 1642 1092 1680 τι

149 1720 263 1786 παθεῖν
285 1721 405 1785 σαυτὸν
429 1717 566 1800 ἤλπιζες,
593 1717 621 1782 εί
642 1715 785 1783 πύθοινθ’
805 1715 891 1783 οὗτοι
910 1716 952 1783 τά
967 1742 1091 1803 πεπρα-
1118 1789 1121 1798 Ι

149 1821 249 1904 ημένα
263 1846 324 1886 σοι

71 2019 135 2080 268
193 2007 294 2072 Τοῦτο
315 2002 428 2083 τοίνυν,
451 2001 551 2090 άνπερ
574 2003 658 2086 ὑμεῖς
680 2002 713 2072 εὖ
735 2009 879 2092 φρονῆτε,
904 2004 975 2072 καθ’
997 2004 1092 2072 αὑτοῦ
1107 2034 1160 2088 241

151 2106 356 2191 συμβήσεται
379 2106 480 2192 τούτῳ
502 2106 699 2196 πεπρᾶχθαι,
722 2106 759 2173 ού
783 2107 879 2188 μάνου
901 2108 984 2173 κατὰ
1006 2107 1091 2175 τοῦθ’

149 2209 198 2274 ’ύτι
227 2209 428 2294 παμμέγεθες
457 2210 586 2292 σημεῖόν
616 2213 686 2276 ἐστι
710 2212 773 2277 τῶν
795 2209 1091 2297 πεπρεσβευμένων,

197 2391 277 2454 5267.
316 2391 371 2442 “E
402 2394 456 2441 τίνα
483 2393 531 2455 ηιιρ
554 2392 583 2440 dv
586 2430 644 2443 ......
647 2394 750 2454 propter
766 2392 953 2454 ταράσχωμαι”
988 2391 1090 2440 Mlnxu.

149 2471 200 2518 quo
226 2456 296 2506 nihil
324 2455 495 2519 σολοικότερον.
506 2459 629 2505 -τῶν
645 2459 692 2506 σοὶ
708 2461 921 2518 πεπρεσβευμένων
940 2455 1016 2516 (vulg.
1042 2456 1090 2520 σοι)

148 2521 205 2582 jure
223 2520 340 2581 reposuit
329 2520 439 2571 t.B1eu1s
468 2522 516 2582 [σοι
533 2523 564 2570 sl.
582 2521 650 2582 quod
664 2521 771 2596 miror]3
799 2521 840 2570 Ile
858 2520 917 2570 infr.
943 2522 990 2570 333
1013 2519 1088 2572 edidi

150 2585 192 2634 Sie
210 2589 223 2646 5
243 2586 292 2636 269
307 2603 355 2633 των
374 2587 425 2643 ἐμοὶ
441 2588 609 2648 πεπρεσβευμέ
609 2601 660 2634 νων·
678 2585 723 2633 ubi
751 2584 773 2634 si
797 2599 938 2646 pronomen
956 2591 1014 2647 post
1032 2599 1091 2646 per-

149 2649 268 2711 ticipium
295 2648 423 2698 insertum
449 2651 516 2698 osset
537 2668 577 2708 μοι
596 2649 739 2710 scripsisset
756 2649 856 2698 Orulor.
889 2650 961 2698 Heeo
982 2649 1091 2698 fortasse

149 2714 246 2762 leviore
258 2715 327 2772 sunt,
338 2727 422 2774 neque
432 2713 521 2762 lumen
531 2713 913 2778 uegligendu—reptflolleo
928 2714 952 2764 k.
968 2729 987 2764 r.
1003 2729 1023 2764 s.
1038 2713 1079 2762 ΑΙ.

198 2781 211 2839 5
223 2779 279 2828 268.
313 2781 410 2837 σημεῖον
422 2791 473 2826 om.
487 2792 525 2837 pr.
541 2777 576 2834 S„
588 2780 646 2838 post
657 2781 711 2827 ἐστι
721 2778 794 2839 ponit
805 2779 990 2829 Υ.-ὲκείνου
998 2779 1093 2828 frustra

150 2842 240 2892 Rmss
277 2841 329 2892 Sed
339 2841 408 2904 quod
424 2841 460 2891 eil
475 2841 645 2892 Summus
666 2846 683 2869 ‘⁶
693 2845 780 2893 ἐκείνου
797 2843 820 2894 si
835 2859 926 2894 verum
944 2846 1020 2904 esset,
1039 2858 1093 2892 non

151 3006 188 3051 λοί
207 3001 438 3084 παρασκευάζουσιν,
453 3004 516 3052 ὅπως
528 3005 550 3050 οἱ
566 3004 598 3051 δι·
648 3003 714 3052 done
735 3003 769 3066 by
784 3018 834 3066 you
853 3017 881 3052 ee
900 3002 1091 3052 umbesssdorff’

153 3069 240 3116 κοσταὶ
270 3085 304 3127 μη
330 3068 514 3129 κοινολογῶνται
542 3068 599 3129 πρὸς
648 3067 700 3115 ond
716 3071 728 3128 ξ
743 3069 791 3118 268
808 3071 856 3117 τῶν
873 3070 1092 3129 πετρισβεύμενων.

154 3132 216 3192 άλλη
209 3131 282 3182 ’.λους
648 3133 738 3192 Gomp
757 3137 818 3181 note
836 3147 871 3181 on
892 3137 906 3193 ᾗ
926 3132 981 3180 263.
1016 3131 1092 3180 Some

183 3151 270 3257 §nm
303 3194 442 3244 Aeschines
466 3209 548 3244 seems
570 3197 597 3244 to
647 3195 714 3244 have
740 3197 805 3245 been
832 3195 967 3258 perplexed
994 3197 1021 3243 el
1010 3195 1093 3243 lthe

152 3259 595 3321 hevehsdlhispessegeinhisviess,
648 3261 796 3321 expression
828 3265 909 3310 πολλὰ
943 3261 1092 3321 πρεσβεύειν·

155 3324 250 3373 decor
262 3325 370 3386 §23312
383 3326 414 3375 87
427 3324 490 3374 St:
472 3325 586 3374 -6.26R
647 3327 693 3371 not
715 3325 849 3386 observing
867 3324 924 3373 that
950 3327 1031 3372 πολλὰ
1054 3327 1093 3373 καὶ

184 3389 240 3439 416.
251 3389 331 3450 5267.
354 3407 398 3437 του
386 3391 491 3438 πολλὰ
494 3427 552 3438 ......
556 3407 597 3437 τε·
648 3391 711 3437 δεινὰ
727 3389 911 3451 foiunsulwuys
927 3402 976 3435 one
993 3387 1092 3446 nolion,

155 3456 314 3518 πρεσβεῦσθοί
328 3454 416 3514 σοι]“
420 3453 502 3502 ‘Thai
519 3467 598 3516 many
648 3452 699 3500 and
725 3451 783 3500 thet
772 3455 875 3502 ιδεινὰ
902 3456 1042 3515 πρεσβεύειν
1068 3453 1092 3502 is

156 3517 281 3566 shemelul
324 3516 402 3565 deeds
433 3516 499 3566 hsve
531 3517 596 3566 been
647 3516 735 3578 nearly
752 3515 797 3564 the
815 3531 886 3566 seme
905 3531 933 3565 os
952 3535 1092 3580 παραπρεσ-

155 3581 267 3642 wroughl
286 3580 320 3644 by
342 3595 394 3643 you
411 3580 440 3630 in
461 3596 526 3642 your
544 3595 596 3630 em·
646 3584 731 3643 βεύειν.
767 3581 800 3629 In
816 3581 860 3629 the
872 3581 1001 3641 following
1012 3582 1093 3632 words

154 3644 251 3708 bessy.''
286 3645 320 3695 So
339 3645 420 3694 below
437 3649 483 3694 τῶν
499 3649 536 3694 σοι
555 3664 596 3693 πε·
647 3644 776 3694 allusion
768 3659 792 3694 1s
803 3645 878 3694 mede
889 3649 916 3694 to
929 3645 1088 3698 Timarchus.

156 3712 346 3772 τρεσβευμένων·
362 3709 515 3759 “whethue
532 3709 597 3758 been
680 3711 768 3770 5268.
805 3714 827 3760 ol
859 3710 912 3760 κατ’
950 3709 1023 3758 αὐτοῦ
1055 3715 1093 3759 νῦν

237 3823 261 3870 S.
285 3823 368 3871 DEM.
968 3813 1007 3870 13
