2640 4204
340 272 400 335 DE
429 269 571 334 FALSA
598 267 861 334 LEGATIONE.
1006 271 1067 334 219

134 421 314 504 ἡγουμένων
339 422 457 498 ἔλαβεν
480 419 584 490 αὐτοῖς
607 418 717 490 ’όπλοις
741 419 758 483 ὁ
782 421 956 498 Φίλιππος,
977 421 1070 491 ὅσους

135 523 232 602 οὐδεὶς
247 522 377 587 πώποτε
391 522 491 592 άλλος
513 521 694 608 ἀνθρώπων.
740 523 792 587 καὶ
815 523 886 588 οὔτε
907 521 960 587 τὸν
980 522 1071 602 ἥλιον

134 624 311 713 ᾐσχύνοντο
326 623 357 688 οἱ
376 629 477 688 ταῦτα
500 628 660 693 ποιοῦντες
683 623 754 688 οὔτε
776 625 833 704 τὴν
853 628 913 707 γῆν
932 623 1071 707 πατρίδα

135 725 242 805 οὖσαν,
258 725 307 810 ἐφ’
322 725 358 806 ἧς
373 725 523 800 ἕστασαν,
538 724 608 789 οὔτε
629 725 695 810 ἱερὰ
712 726 783 791 οὔτε
796 726 916 810 τάφους
930 724 1001 790 οὔτε
1015 726 1072 806 τὴν

134 828 215 910 μετὰ
235 832 337 893 ταῦτα
357 825 568 908 γενησομένην
587 826 743 914 αἰσχύνην
767 827 820 891 ἐπὶ
839 833 904 897 τοῖς
921 827 1071 896 τοιούτοις

135 931 245 1014 ἔργοις·
268 925 364 998 οίίτως
388 929 540 1014 ἔκφρονας
556 927 579 993 ὦ
594 928 701 1015 ἄνδρες
716 928 878 1008 Ἀθηναῖοι
897 930 949 993 καὶ
971 955 1072 1013 παρα-

71 1061 122 1116 303
135 1037 263 1112 πλῆγας
278 1029 314 1095 τά
329 1029 510 1115 δωροδοκεῖν
525 1035 616 1094 ποιεῖ.
638 1031 717 1111 ὑμᾶς
732 1029 792 1106 οὖν,
804 1029 883 1112 ὑμᾶς
899 1028 932 1095 εὖ
947 1034 1072 1112 φρονεῖν

137 1135 183 1199 δεῖ
194 1133 266 1203 τοὺς
280 1132 430 1208 πολλοὺς,
446 1130 499 1193 καὶ
520 1131 563 1210 μὴ
578 1130 760 1215 ἐπιτρέπειν
774 1131 815 1194 τά
828 1134 969 1208 τοιαῦτα,
985 1129 1073 1194 ἀλλὰ

55 1271 58 1276 ’
136 1236 278 1316 κολάζειν
301 1233 444 1320 δημοσία.
490 1233 542 1296 καὶ
567 1231 627 1318 γάρ
652 1229 690 1296 ἂν
714 1231 767 1295 καὶ
788 1230 943 1314 ὑπερφυὲς
966 1231 1021 1310 εἴη,
1044 1229 1074 1294 εἰ

137 1341 218 1406 κατὰ
237 1340 295 1422 μὲν
308 1341 371 1403 τῶν
389 1336 576 1405 Ὀλυνθίους
590 1335 770 1420 προδόντων
784 1332 893 1399 πολλά
916 1333 968 1397 καῖ
987 1331 1073 1397 δεινὰ

137 1441 352 1529 ἐψηφίσασθε,
370 1439 439 1509 τούς
463 1439 496 1503 δὲ
520 1437 595 1522 παρ’
611 1438 683 1518 ὑμῖν
704 1437 807 1507 αὐτοῖς
827 1435 1009 1507 ἀδικοῦντας
1028 1439 1073 1520 μὴ

138 1543 319 1622 κολάζοντες
334 1541 506 1622 φαίνοισθε.
550 1539 633 1622 Λέγε
650 1538 686 1604 τὸ
699 1537 858 1626 ψήφισμά
878 1564 934 1620 μοι
947 1537 984 1604 τό
1000 1539 1072 1623 περὶ

137 1647 198 1708 τῶν
212 1643 397 1708 Ὀλυνθίων.

477 1771 726 1900 innomine.
1084 1849 1148 1912 427

73 1984 125 2038 304
199 1945 296 2010 Ταῦθ’
311 1944 404 2026 ὑμεῖς,
429 1943 452 2009 ὦ
475 1943 581 2029 ἄνδρες
604 1944 758 2021 δικασταί,
776 1945 874 2031 ὀρθῶς
896 1946 948 2010 καὶ
969 1952 1073 2019 καλῶς
1088 1957 1143 2013 268

138 2051 236 2113 πᾶσιν
243 2045 391 2126 Ἕλλησι
406 2047 459 2112 καὶ
477 2047 656 2134 βαρβάροις
672 2047 789 2113 δοκεῖτε
805 2050 987 2134 ἐψηφίσθαι
1004 2049 1072 2115 κατ’

139 2219 188 2271 οὐδ’
201 2223 266 2282 εἶχεν
279 2222 402 2268 ὑπακούων
415 2221 462 2270 τοῖς
474 2239 514 2282 πρ.
526 2223 539 2268 d
554 2239 577 2268 τι
589 2223 682 2283 πρῶτον
692 2223 757 2282 λίβη
774 2217 908 2280 quod'vide
924 2235 957 2269 ns
977 2236 992 2270 a
1011 2237 1071 2270 vero

136 2287 281 2346 proximum
292 2284 334 2332 sit.
368 2284 417 2344 Qui
434 2285 530 2345 ὑπεῖχεν
548 2285 647 2345 primus
667 2285 775 2345 scripsit,
788 2287 934 2332 erraverunt
952 2286 1019 2333 oouli
1038 2287 1070 2334 ed

137 2365 173 2410 pr.
187 2351 243 2411 syll.
257 2348 371 2396 vocabuli
385 2349 521 2408 sequentis.
554 2349 593 2396 De
609 2351 731 2409 conjunct.
750 2351 807 2408 post
827 2347 874 2396 οὐδ’
892 2351 955 2408 εἶχεν
969 2349 1019 2398 vid.
1039 2351 1071 2398 ed

137 2416 213 2474 5131.
238 2413 298 2460 Mox
310 2413 476 2473 ἡγουμένωνὸ.
491 2412 519 2463 Y.
534 2411 654 2472 ἡγεμόνων
660 2413 858 2471 vulgo--roir
871 2413 940 2472 (ante
948 2414 1070 2476 τοιούτοις)

137 2493 185 2525 om.
200 2478 285 2525 Brun.
298 2478 334 2538 [et
351 2477 396 2537 st]
412 2477 461 2524 En.
474 2477 563 2526 Tunrc.
578 2477 655 2524 Drnn.
668 2476 762 2524 Vonn.x
774 2475 822 2524 Sed
833 2475 928 2524 hebent
937 2477 1072 2525 artioulum

137 2541 165 2589 F.
178 2542 206 2601 Q.
221 2541 251 2588 0.
263 2541 288 2587 k.
300 2555 321 2587 r.
334 2554 354 2588 s.
366 2542 384 2588 t.
398 2555 422 2589 u.
434 2555 457 2589 v.
472 2543 497 2587 et
509 2541 598 2600 opinor
609 2554 696 2587 omnes
708 2539 870 2587 Lambinieni
888 2543 913 2588 et
929 2541 1069 2602 Reiskieni‚

138 2608 162 2653 et
173 2606 247 2653 ieoile
264 2621 318 2653 τοισ
328 2603 419 2651 excidit
431 2606 490 2651 ente
502 2623 559 2653 τοιο.

183 2670 264 2730 5303.
300 2671 447 2730 ψηφίσαισθε
463 2668 564 2716 Mnnun.
582 2682 659 2716 sensu
674 2666 763 2716 invito.
790 2667 914 2716 Vidnot.
942 2669 1015 2718 Inire
1025 2685 1072 2731 pro

135 2733 301 2791 ΨΗΦΙΣΜΑ,
317 2735 460 2792 ψηφίσματα
473 2732 498 2780 S.

180 2798 262 2858 5304.
294 2796 399 2854 Ἕλλησί
414 2814 442 2844 τε
456 2796 485 2844 F.
503 2795 532 2845 Y.
551 2797 581 2845 0.
594 2811 613 2845 r.
629 2798 647 2846 t.
663 2811 688 2846 u.
708 2811 731 2844 v.
749 2797 817 2858 vulg.
836 2798 896 2844 ente
913 2797 1071 2846 Rursu—

134 2965 186 3012 this
197 2964 266 3024 gloss
277 2962 355 3009 refers
365 2963 519 3023 topesseges
529 2961 579 3009 like
629 2965 656 3010 to
684 2963 810 3021 overlook,
835 2965 882 3011 not
909 2964 935 3011 to
962 2966 1009 3025 put
1037 2979 1072 3022 un

134 3030 236 3080 theone
248 3025 341 3087 quoted
351 3027 507 3074 iromPleto.
532 3026 579 3073 Be·
630 3025 715 3074 with.'’
756 3028 801 3087 Op.
830 3027 941 3088 Thucyd.
969 3043 1003 3075 vr.
1031 3030 1071 3084 40,

134 3093 201 3141 sides
224 3091 294 3139 what
316 3105 332 3138 a
353 3091 437 3151 peltry
459 3089 580 3150 meaning
629 3090 711 3138 where
734 3090 779 3138 the
799 3091 865 3138 word
891 3091 914 3138 is
941 3091 1003 3138 used
1019 3093 1073 3139 still

132 3157 185 3205 this
196 3154 333 3214 rendering
343 3155 419 3213 gives.
455 3153 469 3201 I
485 3153 579 3202 donet
629 3168 700 3202 more
715 3156 860 3218 absolutely,
874 3156 903 3204 ὡς
919 3159 976 3218 πρὸς
992 3159 1071 3204 αἰσθο-

132 3217 292 3269 understand
318 3217 385 3264 whet
416 3217 461 3265 the
486 3217 580 3265 Zurieh
628 3221 709 3276 μένους
725 3221 807 3277 καὶμὴ
818 3222 993 3281 ἐπιτρέψοντας.
1015 3220 1072 3280 [See

133 3285 226 3334 editors
238 3281 355 3342 mennby
366 3281 578 3329 theirreierenees
629 3295 663 3328 on
681 3282 760 3329 Thuo.
779 3297 798 3330 1.
819 3283 994 3343 71,1.]-εἰ
1011 3287 1073 3332 κατὰ

133 3353 159 3397 to
175 3352 188 3408 ξ
205 3349 236 3396 51
255 3347 314 3410 (57),
335 3345 385 3393 und
404 3350 417 3406 §
436 3347 482 3393 215
502 3345 575 3408 (237).
628 3349 672 3404 μέν
683 3345 835 3456 κτλφμΙὶ
850 3346 923 3393 when
938 3347 1073 3408 youvoted

133 3413 196 3473 In}
219 3414 251 3462 57
266 3409 328 3470 they
351 3409 504 3457 themselves
519 3408 579 3456 reed
628 3409 753 3470 menyvin
774 3409 845 3458 'olive
856 3411 1009 3459 resolutione
1013 3449 1071 3462 ......

134 3481 268 3538 ἐπέχοντες.
302 3474 419 3533 1n§237
438 3475 517 3521 πάντα
534 3476 579 3522 τάκ
628 3477 670 3534 yet
680 3487 731 3534 you
746 3473 838 3520 should
856 3473 887 3521 be
905 3473 985 3522 found
988 3513 1046 3525 ......
1058 3480 1072 3501 ”

132 3545 179 3589 τῶν
208 3543 285 3599 νόμων
314 3539 410 3598 ὑπέχειν
425 3536 473 3584 hes
495 3538 578 3598 surely
630 3536 683 3584 The
700 3536 797 3596 ohenge
814 3538 840 3585 ol
856 3538 932 3585 mood
948 3539 971 3586 is
989 3554 1073 3588 neoes·

134 3605 243 3664 nothing
258 3602 288 3650 in
304 3615 423 3650 eommon
443 3599 506 3648 with
524 3600 577 3649 this
629 3614 687 3661 sery
705 3600 733 3648 in
748 3601 839 3661 Greek,
855 3601 929 3650 while
948 3618 995 3651 our
1016 3618 1072 3652 own

133 3683 245 3730 pessege.
628 3665 751 3726 lengnnge
762 3666 907 3728 frequently
916 3667 939 3714 is
956 3668 1007 3728 less
1017 3682 1072 3729 prs-

164 3735 246 3795 5303.
280 3729 470 3792 μηέτιτρέπειν]
504 3729 580 3778 “Not
629 3727 688 3778 eise.
721 3727 1073 3782 Dobr.1eferst01³0rs0non
