<?xml version="1.0" encoding="UTF-8"?>
<!DOCTYPE html PUBLIC "-//W3C//DTD XHTML 1.0 Transitional//EN"
    "http://www.w3.org/TR/xhtml1/DTD/xhtml1-transitional.dtd">
<html xmlns="http://www.w3.org/1999/xhtml" xml:lang="en" lang="en">
 <head>
  <title>
</title>
<meta http-equiv="Content-Type" content="text/html;charset=utf-8" />
  <meta name='ocr-system' content='tesseract 3.04.00' />
  <meta name='ocr-capabilities' content='ocr_page ocr_carea ocr_par ocr_line ocrx_word'/>
</head>
<body>
  <div class='ocr_page' id='page_1' title='image "./demosthenisdefa01shilgoog_0061.png"; bbox 0 0 2640 4194; ppageno 0'>
   <div class='ocr_carea' id='block_1_1' title="bbox 352 181 1083 305">
    <p class='ocr_par' dir='ltr' id='par_1_1' title="bbox 352 181 1083 305">
     <span class='ocr_line' id='line_1_1' title="bbox 352 181 1083 305; baseline 0.004 -3"><span class='ocrx_word' id='word_1_1' title='bbox 352 235 412 302; x_wconf 79' lang='lat' dir='ltr'><strong>Dr</strong></span> <span class='ocrx_word' id='word_1_2' title='bbox 441 231 583 303; x_wconf 68' lang='lat' dir='ltr'><strong>ranst</strong></span> <span class='ocrx_word' id='word_1_3' title='bbox 611 181 875 305; x_wconf 68' lang='lat' dir='ltr'><strong>nacarroryn</strong></span> <span class='ocrx_word' id='word_1_4' title='bbox 1043 235 1083 305; x_wconf 71' lang='grc' dir='ltr'><strong>ιι</strong></span> 
     </span>
    </p>
   </div>
   <div class='ocr_carea' id='block_1_2' title="bbox 94 389 1132 1806">
    <p class='ocr_par' dir='ltr' id='par_1_2' title="bbox 94 389 1132 1806">
     <span class='ocr_line' id='line_1_2' title="bbox 147 389 1084 483; baseline 0.002 -23"><span class='ocrx_word' id='word_1_5' title='bbox 147 393 283 472; x_wconf 84' lang='grc' dir='ltr'>ἔμελλον</span> <span class='ocrx_word' id='word_1_6' title='bbox 305 389 472 474; x_wconf 82' lang='grc' dir='ltr'>σώζεσθαι·</span> <span class='ocrx_word' id='word_1_7' title='bbox 495 395 606 460; x_wconf 83' lang='grc' dir='ltr'>ἔπειτα</span> <span class='ocrx_word' id='word_1_8' title='bbox 630 397 665 460; x_wconf 90' lang='grc' dir='ltr'><strong>ἐκ</strong></span> <span class='ocrx_word' id='word_1_9' title='bbox 690 401 746 461; x_wconf 85' lang='grc' dir='ltr'>τοῦ</span> <span class='ocrx_word' id='word_1_10' title='bbox 767 395 812 478; x_wconf 81' lang='grc' dir='ltr'><strong>μὴ</strong></span> <span class='ocrx_word' id='word_1_11' title='bbox 832 393 903 465; x_wconf 76' lang='grc' dir='ltr'>τοὺς</span> <span class='ocrx_word' id='word_1_12' title='bbox 919 397 1008 483; x_wconf 80' lang='grc' dir='ltr'>παρὰ</span> <span class='ocrx_word' id='word_1_13' title='bbox 1027 402 1084 462; x_wconf 82' lang='grc' dir='ltr'>τοῦ</span> 
     </span>
     <span class='ocr_line' id='line_1_3' title="bbox 148 495 1085 580; baseline 0.001 -19"><span class='ocrx_word' id='word_1_14' title='bbox 148 495 316 562; x_wconf 90' lang='grc' dir='ltr'>Φιλίππου</span> <span class='ocrx_word' id='word_1_15' title='bbox 335 495 490 580; x_wconf 83' lang='grc' dir='ltr'>πρέσβεις</span> <span class='ocrx_word' id='word_1_16' title='bbox 507 501 607 561; x_wconf 87' lang='grc' dir='ltr'>ταῦτα</span> <span class='ocrx_word' id='word_1_17' title='bbox 626 495 731 578; x_wconf 75' lang='grc' dir='ltr'>λέγειν</span> <span class='ocrx_word' id='word_1_18' title='bbox 745 495 824 577; x_wconf 84' lang='grc' dir='ltr'>μηδὲ</span> <span class='ocrx_word' id='word_1_19' title='bbox 838 496 895 579; x_wconf 81' lang='grc' dir='ltr'><strong>τὴν</strong></span> <span class='ocrx_word' id='word_1_20' title='bbox 910 497 1085 579; x_wconf 80' lang='grc' dir='ltr'>ἐπιστολὴν</span> 
     </span>
     <span class='ocr_line' id='line_1_4' title="bbox 96 596 1132 680; baseline 0.003 -20"><span class='ocrx_word' id='word_1_21' title='bbox 96 619 135 680; x_wconf 85' lang='lat'><strong>50</strong></span> <span class='ocrx_word' id='word_1_22' title='bbox 147 596 205 678; x_wconf 81' lang='grc' dir='ltr'><strong>τὴν</strong></span> <span class='ocrx_word' id='word_1_23' title='bbox 225 601 280 662; x_wconf 81' lang='grc' dir='ltr'>τοῦ</span> <span class='ocrx_word' id='word_1_24' title='bbox 301 598 478 672; x_wconf 82' lang='grc' dir='ltr'>Φιλίππου,</span> <span class='ocrx_word' id='word_1_25' title='bbox 500 596 587 661; x_wconf 79' lang='grc' dir='ltr'>ἀλλὰ</span> <span class='ocrx_word' id='word_1_26' title='bbox 609 599 798 662; x_wconf 85' lang='grc' dir='ltr'>τοῦτον-ἐκ</span> <span class='ocrx_word' id='word_1_27' title='bbox 819 597 938 663; x_wconf 82' lang='grc' dir='ltr'>τούτων</span> <span class='ocrx_word' id='word_1_28' title='bbox 960 597 1014 663; x_wconf 83' lang='grc' dir='ltr'>οὖν</span> <span class='ocrx_word' id='word_1_29' title='bbox 1035 625 1083 663; x_wconf 90' lang='grc' dir='ltr'><strong>τε·</strong></span> <span class='ocrx_word' id='word_1_30' title='bbox 1096 618 1132 676; x_wconf 83' lang='grc'><strong>45</strong></span> 
     </span>
     <span class='ocr_line' id='line_1_5' title="bbox 145 695 1084 784; baseline 0.003 -22"><span class='ocrx_word' id='word_1_31' title='bbox 145 696 357 781; x_wconf 90' lang='grc' dir='ltr'>κμαιρόμενος,</span> <span class='ocrx_word' id='word_1_32' title='bbox 383 695 523 768; x_wconf 83' lang='grc' dir='ltr'>ἀναστὰς</span> <span class='ocrx_word' id='word_1_33' title='bbox 548 696 601 762; x_wconf 78' lang='grc' dir='ltr'><strong>καὶ</strong></span> <span class='ocrx_word' id='word_1_34' title='bbox 626 698 794 782; x_wconf 76' lang='grc' dir='ltr'>παρελθὼν</span> <span class='ocrx_word' id='word_1_35' title='bbox 822 699 999 784; x_wconf 83' lang='grc' dir='ltr'>ἐπειρώμην</span> <span class='ocrx_word' id='word_1_36' title='bbox 1025 701 1084 783; x_wconf 83' lang='grc' dir='ltr'>μὲν</span> 
     </span>
     <span class='ocr_line' id='line_1_6' title="bbox 146 797 1082 891; baseline 0.006 -29"><span class='ocrx_word' id='word_1_37' title='bbox 146 798 329 881; x_wconf 74' lang='grc' dir='ltr'>ἀντιλέγειν,</span> <span class='ocrx_word' id='word_1_38' title='bbox 346 797 386 870; x_wconf 82' lang='grc' dir='ltr'>ὠς</span> <span class='ocrx_word' id='word_1_39' title='bbox 406 798 432 863; x_wconf 89' lang='grc' dir='ltr'><strong>δ’</strong></span> <span class='ocrx_word' id='word_1_40' title='bbox 448 797 570 864; x_wconf 78' lang='grc' dir='ltr'>ἀκούειν</span> <span class='ocrx_word' id='word_1_41' title='bbox 590 798 646 863; x_wconf 82' lang='grc' dir='ltr'><strong>οὐκ</strong></span> <span class='ocrx_word' id='word_1_42' title='bbox 666 799 797 877; x_wconf 81' lang='grc' dir='ltr'>ἐθέλετε,</span> <span class='ocrx_word' id='word_1_43' title='bbox 813 799 953 890; x_wconf 81' lang='grc' dir='ltr'>ἡσυχίαν</span> <span class='ocrx_word' id='word_1_44' title='bbox 974 803 1082 891; x_wconf 82' lang='grc' dir='ltr'>ἔσχον,</span> 
     </span>
     <span class='ocr_line' id='line_1_7' title="bbox 145 899 1083 987; baseline 0.003 -21"><span class='ocrx_word' id='word_1_45' title='bbox 145 905 279 966; x_wconf 86' lang='grc' dir='ltr'>τοσοῦτο</span> <span class='ocrx_word' id='word_1_46' title='bbox 301 899 397 982; x_wconf 92' lang='grc' dir='ltr'>μόνον</span> <span class='ocrx_word' id='word_1_47' title='bbox 422 899 710 986; x_wconf 79' lang='grc' dir='ltr'>διαμαρτυράμενος</span> <span class='ocrx_word' id='word_1_48' title='bbox 736 903 801 986; x_wconf 84' lang='grc' dir='ltr'>(καὶ</span> <span class='ocrx_word' id='word_1_49' title='bbox 826 904 905 987; x_wconf 84' lang='grc' dir='ltr'>πρός</span> <span class='ocrx_word' id='word_1_50' title='bbox 930 903 1006 974; x_wconf 85' lang='grc' dir='ltr'>Διός</span> <span class='ocrx_word' id='word_1_51' title='bbox 1028 907 1083 972; x_wconf 80' lang='grc' dir='ltr'><strong>καὶ</strong></span> 
     </span>
     <span class='ocr_line' id='line_1_8' title="bbox 146 1000 1083 1084; baseline 0.005 -17"><span class='ocrx_word' id='word_1_52' title='bbox 146 1003 223 1067; x_wconf 84' lang='grc' dir='ltr'>θεῶν</span> <span class='ocrx_word' id='word_1_53' title='bbox 244 1000 530 1084; x_wconf 75' lang='grc' dir='ltr'>ἀναμιμνήσκεσθε)</span> <span class='ocrx_word' id='word_1_54' title='bbox 555 1000 605 1068; x_wconf 86' lang='grc' dir='ltr'>ότι</span> <span class='ocrx_word' id='word_1_55' title='bbox 626 1008 727 1068; x_wconf 84' lang='grc' dir='ltr'>ταῦτα</span> <span class='ocrx_word' id='word_1_56' title='bbox 749 1003 812 1068; x_wconf 84' lang='grc' dir='ltr'>οὔτ’</span> <span class='ocrx_word' id='word_1_57' title='bbox 835 1004 905 1070; x_wconf 79' lang='grc' dir='ltr'>οἶδα</span> <span class='ocrx_word' id='word_1_58' title='bbox 926 1005 998 1070; x_wconf 75' lang='grc' dir='ltr'>οὔτε</span> <span class='ocrx_word' id='word_1_59' title='bbox 1018 1035 1083 1072; x_wconf 92' lang='grc' dir='ltr'>κοι-</span> 
     </span>
     <span class='ocr_line' id='line_1_9' title="bbox 145 1101 1082 1196; baseline 0.003 -28"><span class='ocrx_word' id='word_1_60' title='bbox 145 1107 238 1181; x_wconf 80' lang='grc' dir='ltr'>νωνῶ,</span> <span class='ocrx_word' id='word_1_61' title='bbox 259 1102 444 1187; x_wconf 85' lang='grc' dir='ltr'>προσέθηκα</span> <span class='ocrx_word' id='word_1_62' title='bbox 466 1102 499 1167; x_wconf 85' lang='grc' dir='ltr'><strong>δὲ</strong></span> <span class='ocrx_word' id='word_1_63' title='bbox 522 1101 561 1172; x_wconf 82' lang='grc' dir='ltr'>ὦς</span> <span class='ocrx_word' id='word_1_64' title='bbox 583 1103 653 1168; x_wconf 79' lang='grc' dir='ltr'>οὐδὲ</span> <span class='ocrx_word' id='word_1_65' title='bbox 674 1105 848 1190; x_wconf 81' lang='grc' dir='ltr'>προσδοκῶ.</span> <span class='ocrx_word' id='word_1_66' title='bbox 893 1107 1034 1196; x_wconf 80' lang='grc' dir='ltr'>τραχέως</span> <span class='ocrx_word' id='word_1_67' title='bbox 1056 1105 1082 1171; x_wconf 85' lang='grc' dir='ltr'><strong>δ’</strong></span> 
     </span>
     <span class='ocr_line' id='line_1_10' title="bbox 143 1203 1082 1293; baseline 0.001 -23"><span class='ocrx_word' id='word_1_68' title='bbox 143 1203 229 1287; x_wconf 72' lang='grc' dir='ltr'>ὑμῶν</span> <span class='ocrx_word' id='word_1_69' title='bbox 252 1208 297 1291; x_wconf 79' lang='grc' dir='ltr'>τῷ</span> <span class='ocrx_word' id='word_1_70' title='bbox 319 1203 399 1285; x_wconf 87' lang='grc' dir='ltr'>μηδὲ</span> <span class='ocrx_word' id='word_1_71' title='bbox 424 1204 607 1290; x_wconf 78' lang='grc' dir='ltr'>προσδοκᾶν</span> <span class='ocrx_word' id='word_1_72' title='bbox 634 1207 787 1293; x_wconf 86' lang='grc' dir='ltr'>σχόντων,</span> <span class='ocrx_word' id='word_1_73' title='bbox 810 1207 864 1271; x_wconf 81' lang='grc' dir='ltr'><strong>καὶ</strong></span> <span class='ocrx_word' id='word_1_74' title='bbox 885 1206 969 1277; x_wconf 87' lang='grc' dir='ltr'>όπως</span> <span class='ocrx_word' id='word_1_75' title='bbox 989 1234 1034 1290; x_wconf 72' lang='lat' dir='ltr'><strong>ys,</strong></span> <span class='ocrx_word' id='word_1_76' title='bbox 1059 1207 1082 1271; x_wconf 83' lang='grc' dir='ltr'><strong><em>ὦ</em></strong></span> 
     </span>
     <span class='ocr_line' id='line_1_11' title="bbox 144 1305 1081 1394; baseline 0.002 -23"><span class='ocrx_word' id='word_1_77' title='bbox 144 1307 252 1394; x_wconf 81' lang='grc' dir='ltr'>ἄνδρες</span> <span class='ocrx_word' id='word_1_78' title='bbox 273 1305 444 1385; x_wconf 84' lang='grc' dir='ltr'>Ἀθηναῖοι,</span> <span class='ocrx_word' id='word_1_79' title='bbox 467 1306 553 1392; x_wconf 84' lang='grc' dir='ltr'>ἔφην,</span> <span class='ocrx_word' id='word_1_80' title='bbox 577 1306 617 1372; x_wconf 88' lang='grc' dir='ltr'>ἀν</span> <span class='ocrx_word' id='word_1_81' title='bbox 638 1334 669 1372; x_wconf 92' lang='grc' dir='ltr'>τι</span> <span class='ocrx_word' id='word_1_82' title='bbox 695 1307 813 1372; x_wconf 84' lang='grc' dir='ltr'>τούτων</span> <span class='ocrx_word' id='word_1_83' title='bbox 834 1307 988 1390; x_wconf 72' lang='grc' dir='ltr'>γίγνηται,</span> <span class='ocrx_word' id='word_1_84' title='bbox 1011 1310 1081 1373; x_wconf 85' lang='grc' dir='ltr'>τού·</span> 
     </span>
     <span class='ocr_line' id='line_1_12' title="bbox 144 1407 1082 1496; baseline 0.005 -25"><span class='ocrx_word' id='word_1_85' title='bbox 144 1434 216 1476; x_wconf 85' lang='grc' dir='ltr'>τους</span> <span class='ocrx_word' id='word_1_86' title='bbox 234 1409 442 1474; x_wconf 84' lang='grc' dir='ltr'>ἐπαινέσεσθε</span> <span class='ocrx_word' id='word_1_87' title='bbox 461 1409 513 1474; x_wconf 84' lang='grc' dir='ltr'><strong>καὶ</strong></span> <span class='ocrx_word' id='word_1_88' title='bbox 535 1407 685 1492; x_wconf 79' lang='grc' dir='ltr'>τιμήσετε</span> <span class='ocrx_word' id='word_1_89' title='bbox 702 1409 754 1474; x_wconf 87' lang='grc' dir='ltr'><strong>καὶ</strong></span> <span class='ocrx_word' id='word_1_90' title='bbox 778 1410 1006 1496; x_wconf 86' lang='grc' dir='ltr'>στεφανώσετε,</span> <span class='ocrx_word' id='word_1_91' title='bbox 1027 1410 1082 1493; x_wconf 86' lang='grc' dir='ltr'><strong>ἐμὲ</strong></span> 
     </span>
     <span class='ocr_line' id='line_1_13' title="bbox 145 1507 1082 1591; baseline 0.002 -17"><span class='ocrx_word' id='word_1_92' title='bbox 145 1509 179 1574; x_wconf 84' lang='grc' dir='ltr'><strong>δὲ</strong></span> <span class='ocrx_word' id='word_1_93' title='bbox 197 1507 250 1591; x_wconf 79' lang='grc' dir='ltr'><strong>μή·</strong></span> <span class='ocrx_word' id='word_1_94' title='bbox 272 1509 328 1575; x_wconf 82' lang='grc' dir='ltr'><strong>καὶΙ</strong></span> <span class='ocrx_word' id='word_1_95' title='bbox 344 1509 451 1591; x_wconf 88' lang='grc' dir='ltr'>μέντοι</span> <span class='ocrx_word' id='word_1_96' title='bbox 472 1511 531 1574; x_wconf 86' lang='grc' dir='ltr'>κᾶν</span> <span class='ocrx_word' id='word_1_97' title='bbox 550 1537 582 1576; x_wconf 92' lang='grc' dir='ltr'>τι</span> <span class='ocrx_word' id='word_1_98' title='bbox 604 1514 666 1576; x_wconf 81' lang='grc' dir='ltr'><strong>τῶν</strong></span> <span class='ocrx_word' id='word_1_99' title='bbox 687 1509 839 1589; x_wconf 80' lang='grc' dir='ltr'>ἐναντίων,</span> <span class='ocrx_word' id='word_1_100' title='bbox 860 1511 945 1582; x_wconf 75' lang='grc' dir='ltr'>ὅπως</span> <span class='ocrx_word' id='word_1_101' title='bbox 961 1511 1082 1584; x_wconf 80' lang='grc' dir='ltr'>τούτοις</span> 
     </span>
     <span class='ocr_line' id='line_1_14' title="bbox 94 1609 1131 1698; baseline 0.01 -26"><span class='ocrx_word' id='word_1_102' title='bbox 94 1632 129 1690; x_wconf 83' lang='lat'><strong>51</strong></span> <span class='ocrx_word' id='word_1_103' title='bbox 145 1611 310 1698; x_wconf 81' lang='grc' dir='ltr'>ὀργιεῖσθε·</span> <span class='ocrx_word' id='word_1_104' title='bbox 332 1611 392 1694; x_wconf 67' lang='grc' dir='ltr'><strong>ἐγώ</strong></span> <span class='ocrx_word' id='word_1_105' title='bbox 410 1611 444 1676; x_wconf 86' lang='grc' dir='ltr'><strong>δὲ</strong></span> <span class='ocrx_word' id='word_1_106' title='bbox 464 1609 652 1697; x_wconf 85' lang='grc' dir='ltr'>ἀφίσταμαι.</span> <span class='ocrx_word' id='word_1_107' title='bbox 696 1609 738 1694; x_wconf 80' lang='grc' dir='ltr'><strong>μὴ</strong></span> <span class='ocrx_word' id='word_1_108' title='bbox 756 1618 817 1690; x_wconf 88' lang='grc' dir='ltr'>νῦν,</span> <span class='ocrx_word' id='word_1_109' title='bbox 832 1611 1006 1691; x_wconf 76' lang='grc' dir='ltr'>ὑπολαβὼν</span> <span class='ocrx_word' id='word_1_110' title='bbox 1020 1613 1080 1696; x_wconf 84' lang='grc' dir='ltr'><strong>ἔφη</strong></span> <span class='ocrx_word' id='word_1_111' title='bbox 1093 1627 1131 1697; x_wconf 86' lang='lat'><strong>46</strong></span> 
     </span>
     <span class='ocr_line' id='line_1_15' title="bbox 144 1711 1083 1806; baseline 0 -25"><span class='ocrx_word' id='word_1_112' title='bbox 144 1714 302 1805; x_wconf 80' lang='grc' dir='ltr'>Αἰσχίνης</span> <span class='ocrx_word' id='word_1_113' title='bbox 328 1713 443 1792; x_wconf 73' lang='grc' dir='ltr'>οὑτοσί,</span> <span class='ocrx_word' id='word_1_114' title='bbox 468 1714 511 1796; x_wconf 80' lang='grc' dir='ltr'><strong>μὴ</strong></span> <span class='ocrx_word' id='word_1_115' title='bbox 538 1717 591 1778; x_wconf 83' lang='grc' dir='ltr'><strong>νῦν</strong></span> <span class='ocrx_word' id='word_1_116' title='bbox 615 1711 785 1800; x_wconf 80' lang='grc' dir='ltr'>ἀφίστασο,</span> <span class='ocrx_word' id='word_1_117' title='bbox 810 1714 883 1806; x_wconf 83' lang='grc' dir='ltr'>ἀλλ’</span> <span class='ocrx_word' id='word_1_118' title='bbox 906 1713 990 1786; x_wconf 74' lang='grc' dir='ltr'>ὅπως</span> <span class='ocrx_word' id='word_1_119' title='bbox 1011 1715 1083 1782; x_wconf 90' lang='grc' dir='ltr'>τότε</span> 
     </span>
    </p>
   </div>
   <div class='ocr_carea' id='block_1_3' title="bbox 140 1887 1152 2717">
    <p class='ocr_par' dir='ltr' id='par_1_3' title="bbox 140 1887 1152 2717">
     <span class='ocr_line' id='line_1_16' title="bbox 191 1887 1077 1949; baseline 0.003 -13"><span class='ocrx_word' id='word_1_120' title='bbox 191 1887 253 1947; x_wconf 67' lang='grc' dir='ltr'><strong>ξ50.</strong></span> <span class='ocrx_word' id='word_1_121' title='bbox 287 1889 328 1937; x_wconf 69' lang='lat' dir='ltr'><strong>tri</strong></span> <span class='ocrx_word' id='word_1_122' title='bbox 338 1887 373 1949; x_wconf 74' lang='grc' dir='ltr'>τῷ</span> <span class='ocrx_word' id='word_1_123' title='bbox 382 1889 465 1936; x_wconf 74' lang='lat' dir='ltr'><strong>narr.</strong></span> <span class='ocrx_word' id='word_1_124' title='bbox 478 1888 521 1936; x_wconf 90' lang='lat' dir='ltr'><strong>sed</strong></span> <span class='ocrx_word' id='word_1_125' title='bbox 532 1903 581 1937; x_wconf 85' lang='lat' dir='ltr'><strong>om.</strong></span> <span class='ocrx_word' id='word_1_126' title='bbox 595 1891 634 1938; x_wconf 80' lang='grc' dir='ltr'><strong>ἐπὶ</strong></span> <span class='ocrx_word' id='word_1_127' title='bbox 655 1889 681 1938; x_wconf 82' lang='lat' dir='ltr'><strong>S.</strong></span> <span class='ocrx_word' id='word_1_128' title='bbox 693 1889 753 1937; x_wconf 75' lang='lat' dir='ltr'><strong>Y.lt</strong></span> <span class='ocrx_word' id='word_1_129' title='bbox 768 1888 808 1937; x_wconf 61' lang='grc' dir='ltr'><strong>ΑΙ.</strong></span> <span class='ocrx_word' id='word_1_130' title='bbox 820 1889 860 1937; x_wconf 62' lang='grc' dir='ltr'><strong>Αέ.</strong></span> <span class='ocrx_word' id='word_1_131' title='bbox 872 1890 901 1940; x_wconf 90' lang='grc' dir='ltr'><strong>Β.</strong></span> <span class='ocrx_word' id='word_1_132' title='bbox 920 1891 969 1937; x_wconf 83' lang='lat' dir='ltr'><strong>En.</strong></span> <span class='ocrx_word' id='word_1_133' title='bbox 987 1890 1077 1940; x_wconf 69' lang='lat' dir='ltr'><strong>Turro.</strong></span> 
     </span>
     <span class='ocr_line' id='line_1_17' title="bbox 142 1951 1152 2016; baseline 0.001 -15"><span class='ocrx_word' id='word_1_134' title='bbox 142 1951 222 2001; x_wconf 76' lang='lat' dir='ltr'><strong>Dran.</strong></span> <span class='ocrx_word' id='word_1_135' title='bbox 236 1952 270 2016; x_wconf 88' lang='lat' dir='ltr'><strong>(q.</strong></span> <span class='ocrx_word' id='word_1_136' title='bbox 281 1967 305 2000; x_wconf 83' lang='lat' dir='ltr'><strong>v.</strong></span> <span class='ocrx_word' id='word_1_137' title='bbox 317 1953 400 2001; x_wconf 83' lang='lat' dir='ltr'><strong>Praei.</strong></span> <span class='ocrx_word' id='word_1_138' title='bbox 411 1954 468 2014; x_wconf 87' lang='lat' dir='ltr'><strong>vn.)</strong></span> <span class='ocrx_word' id='word_1_139' title='bbox 480 1953 565 2002; x_wconf 80' lang='lat' dir='ltr'><strong>Vonn.</strong></span> <span class='ocrx_word' id='word_1_140' title='bbox 579 1953 662 2000; x_wconf 76' lang='lat' dir='ltr'><strong>Bm.</strong></span> <span class='ocrx_word' id='word_1_141' title='bbox 676 1955 706 2002; x_wconf 90' lang='lat' dir='ltr'><strong>st.</strong></span> <span class='ocrx_word' id='word_1_142' title='bbox 742 1954 780 2001; x_wconf 90' lang='lat' dir='ltr'><strong>De</strong></span> <span class='ocrx_word' id='word_1_143' title='bbox 799 1953 889 2002; x_wconf 86' lang='lat' dir='ltr'><strong>Coron.</strong></span> <span class='ocrx_word' id='word_1_144' title='bbox 906 1969 931 2014; x_wconf 89' lang='lat' dir='ltr'><strong>p.</strong></span> <span class='ocrx_word' id='word_1_145' title='bbox 950 1956 997 2002; x_wconf 83' lang='lat'><strong>323</strong></span> <span class='ocrx_word' id='word_1_146' title='bbox 1009 1956 1021 2013; x_wconf 66' lang='grc' dir='ltr'><strong>ξ</strong></span> <span class='ocrx_word' id='word_1_147' title='bbox 1032 1956 1079 2003; x_wconf 83' lang='lat'><strong>291</strong></span> <span class='ocrx_word' id='word_1_148' title='bbox 1149 1957 1152 1966; x_wconf 96' lang='lat'>&#39;</span> 
     </span>
     <span class='ocr_line' id='line_1_18' title="bbox 143 2017 1081 2079; baseline 0 -13"><span class='ocrx_word' id='word_1_149' title='bbox 143 2019 184 2066; x_wconf 76' lang='grc' dir='ltr'><strong>ἐπὶ</strong></span> <span class='ocrx_word' id='word_1_150' title='bbox 205 2019 254 2066; x_wconf 85' lang='grc' dir='ltr'>τοῖς</span> <span class='ocrx_word' id='word_1_151' title='bbox 271 2019 435 2078; x_wconf 73' lang='grc' dir='ltr'>γεγενημένοις</span> <span class='ocrx_word' id='word_1_152' title='bbox 453 2019 554 2078; x_wconf 85' lang='grc' dir='ltr'>ἀνιαροῖς</span> <span class='ocrx_word' id='word_1_153' title='bbox 573 2021 639 2066; x_wconf 80' lang='grc' dir='ltr'>οὐδέν</span> <span class='ocrx_word' id='word_1_154' title='bbox 660 2018 742 2073; x_wconf 81' lang='grc' dir='ltr'>ὁμοίως</span> <span class='ocrx_word' id='word_1_155' title='bbox 757 2021 816 2079; x_wconf 89' lang='grc' dir='ltr'>έσχε</span> <span class='ocrx_word' id='word_1_156' title='bbox 832 2021 882 2068; x_wconf 86' lang='grc' dir='ltr'>τοῖς</span> <span class='ocrx_word' id='word_1_157' title='bbox 902 2022 983 2068; x_wconf 75' lang='grc' dir='ltr'>ἄλλοις</span> <span class='ocrx_word' id='word_1_158' title='bbox 1001 2017 1081 2067; x_wconf 81' lang='lat' dir='ltr'><strong>edidit</strong></span> 
     </span>
     <span class='ocr_line' id='line_1_19' title="bbox 141 2080 1107 2143; baseline 0.002 -15"><span class='ocrx_word' id='word_1_159' title='bbox 141 2080 224 2128; x_wconf 75' lang='lat' dir='ltr'><strong>Bm</strong></span> <span class='ocrx_word' id='word_1_160' title='bbox 242 2081 409 2141; x_wconf 71' lang='lat' dir='ltr'><strong>postlimen.</strong></span> <span class='ocrx_word' id='word_1_161' title='bbox 445 2080 495 2129; x_wconf 82' lang='lat' dir='ltr'><strong>Sed</strong></span> <span class='ocrx_word' id='word_1_162' title='bbox 510 2095 624 2142; x_wconf 77' lang='lat' dir='ltr'><strong>praepos.</strong></span> <span class='ocrx_word' id='word_1_163' title='bbox 643 2080 739 2129; x_wconf 84' lang='lat' dir='ltr'><strong>habent</strong></span> <span class='ocrx_word' id='word_1_164' title='bbox 758 2081 863 2130; x_wconf 91' lang='lat' dir='ltr'><strong>nonnisi</strong></span> <span class='ocrx_word' id='word_1_165' title='bbox 882 2095 903 2130; x_wconf 88' lang='lat' dir='ltr'><strong>s.</strong></span> <span class='ocrx_word' id='word_1_166' title='bbox 920 2084 961 2140; x_wconf 63' lang='lat' dir='ltr'><strong>ga.</strong></span> <span class='ocrx_word' id='word_1_167' title='bbox 994 2082 1080 2143; x_wconf 84' lang='lat' dir='ltr'><strong>Aequo</strong></span> <span class='ocrx_word' id='word_1_168' title='bbox 1103 2103 1107 2110; x_wconf 93' lang='lat'><em>·</em></span> 
     </span>
     <span class='ocr_line' id='line_1_20' title="bbox 144 2144 1079 2206; baseline 0.003 -14"><span class='ocrx_word' id='word_1_169' title='bbox 144 2144 209 2193; x_wconf 90' lang='lat' dir='ltr'><strong>bene</strong></span> <span class='ocrx_word' id='word_1_170' title='bbox 220 2144 313 2192; x_wconf 85' lang='lat' dir='ltr'><strong>dicitur</strong></span> <span class='ocrx_word' id='word_1_171' title='bbox 323 2147 430 2206; x_wconf 85' lang='grc' dir='ltr'>τραχέως</span> <span class='ocrx_word' id='word_1_172' title='bbox 441 2148 505 2206; x_wconf 80' lang='grc' dir='ltr'>ἔχειν</span> <span class='ocrx_word' id='word_1_173' title='bbox 516 2149 560 2193; x_wconf 85' lang='grc' dir='ltr'>τινὶ</span> <span class='ocrx_word' id='word_1_174' title='bbox 572 2147 648 2205; x_wconf 86' lang='lat' dir='ltr'><strong>atque</strong></span> <span class='ocrx_word' id='word_1_175' title='bbox 660 2147 701 2194; x_wconf 83' lang='grc' dir='ltr'><strong>ἐπί</strong></span> <span class='ocrx_word' id='word_1_176' title='bbox 712 2163 764 2194; x_wconf 88' lang='grc' dir='ltr'>τινι.</span> <span class='ocrx_word' id='word_1_177' title='bbox 798 2146 897 2194; x_wconf 75' lang='lat' dir='ltr'><strong>Eadem</strong></span> <span class='ocrx_word' id='word_1_178' title='bbox 908 2149 947 2193; x_wconf 88' lang='lat' dir='ltr'><strong>est</strong></span> <span class='ocrx_word' id='word_1_179' title='bbox 958 2145 1024 2194; x_wconf 85' lang='lat' dir='ltr'><strong>ratio</strong></span> <span class='ocrx_word' id='word_1_180' title='bbox 1035 2148 1079 2195; x_wconf 81' lang='grc' dir='ltr'>τοῦ</span> 
     </span>
     <span class='ocr_line' id='line_1_21' title="bbox 141 2208 1079 2271; baseline 0.002 -14"><span class='ocrx_word' id='word_1_181' title='bbox 141 2210 257 2270; x_wconf 74' lang='grc' dir='ltr'>χαλεπῶς</span> <span class='ocrx_word' id='word_1_182' title='bbox 273 2212 358 2270; x_wconf 86' lang='grc' dir='ltr'>φέρειν.</span> <span class='ocrx_word' id='word_1_183' title='bbox 394 2208 450 2258; x_wconf 85' lang='lat' dir='ltr'><strong>Vid.</strong></span> <span class='ocrx_word' id='word_1_184' title='bbox 472 2208 534 2256; x_wconf 79' lang='lat' dir='ltr'><strong>trid.</strong></span> <span class='ocrx_word' id='word_1_185' title='bbox 554 2224 578 2269; x_wconf 88' lang='lat' dir='ltr'><strong>p.</strong></span> <span class='ocrx_word' id='word_1_186' title='bbox 598 2211 646 2258; x_wconf 82' lang='lat'><strong>550</strong></span> <span class='ocrx_word' id='word_1_187' title='bbox 665 2213 677 2270; x_wconf 60' lang='grc' dir='ltr'>ᾗ</span> <span class='ocrx_word' id='word_1_188' title='bbox 695 2211 741 2258; x_wconf 87' lang='grc'><strong>108</strong></span> <span class='ocrx_word' id='word_1_189' title='bbox 767 2211 880 2270; x_wconf 80' lang='grc' dir='ltr'>ἐνηνοχὼς</span> <span class='ocrx_word' id='word_1_190' title='bbox 902 2212 1017 2271; x_wconf 73' lang='grc' dir='ltr'>χαλεπῶς</span> <span class='ocrx_word' id='word_1_191' title='bbox 1034 2212 1079 2271; x_wconf 78' lang='grc' dir='ltr'><strong>ἐφ’</strong></span> 
     </span>
     <span class='ocr_line' id='line_1_22' title="bbox 143 2274 1080 2336; baseline 0 -14"><span class='ocrx_word' id='word_1_192' title='bbox 143 2275 185 2323; x_wconf 74' lang='grc' dir='ltr'>οἷς</span> <span class='ocrx_word' id='word_1_193' title='bbox 188 2311 246 2322; x_wconf 88' lang='grc'><strong><em>......</em></strong></span> <span class='ocrx_word' id='word_1_194' title='bbox 250 2275 611 2336; x_wconf 82' lang='grc' dir='ltr'>ὑβρίσθην......χαλετώτερον</span> <span class='ocrx_word' id='word_1_195' title='bbox 624 2310 672 2324; x_wconf 90' lang='grc'><strong>.....</strong></span> <span class='ocrx_word' id='word_1_196' title='bbox 696 2277 816 2323; x_wconf 80' lang='grc' dir='ltr'>τούτοις</span> <span class='ocrx_word' id='word_1_197' title='bbox 841 2277 890 2324; x_wconf 85' lang='grc' dir='ltr'>τοῖς</span> <span class='ocrx_word' id='word_1_198' title='bbox 915 2277 979 2334; x_wconf 80' lang='grc' dir='ltr'>μετὰ</span> <span class='ocrx_word' id='word_1_199' title='bbox 1002 2274 1080 2323; x_wconf 79' lang='grc' dir='ltr'>ταῦτα</span> 
     </span>
     <span class='ocr_line' id='line_1_23' title="bbox 142 2337 1079 2398; baseline 0 -12"><span class='ocrx_word' id='word_1_200' title='bbox 142 2340 253 2398; x_wconf 79' lang='grc' dir='ltr'>ένηνοχα.</span> <span class='ocrx_word' id='word_1_201' title='bbox 285 2337 374 2398; x_wconf 84' lang='lat' dir='ltr'><strong>Itaque</strong></span> <span class='ocrx_word' id='word_1_202' title='bbox 385 2340 487 2398; x_wconf 89' lang='lat' dir='ltr'><strong>propter</strong></span> <span class='ocrx_word' id='word_1_203' title='bbox 498 2351 651 2386; x_wconf 84' lang='lat' dir='ltr'><strong>consensum</strong></span> <span class='ocrx_word' id='word_1_204' title='bbox 662 2339 701 2384; x_wconf 90' lang='lat' dir='ltr'><strong>tot</strong></span> <span class='ocrx_word' id='word_1_205' title='bbox 718 2337 794 2386; x_wconf 83' lang='lat' dir='ltr'><strong>Codd.</strong></span> <span class='ocrx_word' id='word_1_206' title='bbox 816 2337 899 2386; x_wconf 89' lang='lat' dir='ltr'><strong>omisi.</strong></span> <span class='ocrx_word' id='word_1_207' title='bbox 932 2338 993 2385; x_wconf 88' lang='lat' dir='ltr'><strong>Mox</strong></span> <span class='ocrx_word' id='word_1_208' title='bbox 1012 2341 1079 2386; x_wconf 80' lang='grc' dir='ltr'>ἐτοι-</span> 
     </span>
     <span class='ocr_line' id='line_1_24' title="bbox 142 2400 1079 2461; baseline 0.002 -11"><span class='ocrx_word' id='word_1_209' title='bbox 142 2404 241 2450; x_wconf 83' lang='grc' dir='ltr'>νέσεσθε</span> <span class='ocrx_word' id='word_1_210' title='bbox 262 2403 364 2450; x_wconf 82' lang='lat' dir='ltr'><strong>tentum</strong></span> <span class='ocrx_word' id='word_1_211' title='bbox 385 2415 438 2449; x_wconf 90' lang='lat' dir='ltr'><strong>non</strong></span> <span class='ocrx_word' id='word_1_212' title='bbox 457 2416 489 2448; x_wconf 86' lang='lat' dir='ltr'><strong>ex</strong></span> <span class='ocrx_word' id='word_1_213' title='bbox 510 2400 630 2449; x_wconf 90' lang='lat' dir='ltr'><strong>omnibus</strong></span> <span class='ocrx_word' id='word_1_214' title='bbox 654 2400 726 2448; x_wconf 88' lang='lat' dir='ltr'><strong>libris</strong></span> <span class='ocrx_word' id='word_1_215' title='bbox 752 2400 866 2448; x_wconf 76' lang='lat' dir='ltr'><strong>restituit</strong></span> <span class='ocrx_word' id='word_1_216' title='bbox 887 2402 970 2451; x_wconf 75' lang='lat' dir='ltr'><strong>Bm.</strong></span> <span class='ocrx_word' id='word_1_217' title='bbox 1004 2401 1079 2461; x_wconf 83' lang='lat' dir='ltr'><strong>Vulg.</strong></span> 
     </span>
     <span class='ocr_line' id='line_1_25' title="bbox 142 2464 1078 2526; baseline 0 -12"><span class='ocrx_word' id='word_1_218' title='bbox 142 2467 281 2514; x_wconf 79' lang='grc' dir='ltr'>ἐπαινέσετε</span> <span class='ocrx_word' id='word_1_219' title='bbox 290 2479 355 2526; x_wconf 82' lang='lat' dir='ltr'><strong>quae</strong></span> <span class='ocrx_word' id='word_1_220' title='bbox 366 2464 446 2512; x_wconf 74' lang='lat' dir='ltr'><strong>futuri</strong></span> <span class='ocrx_word' id='word_1_221' title='bbox 456 2466 539 2512; x_wconf 75' lang='lat' dir='ltr'><strong>forms</strong></span> <span class='ocrx_word' id='word_1_222' title='bbox 547 2465 617 2517; x_wconf 84' lang='lat' dir='ltr'><strong>haud</strong></span> <span class='ocrx_word' id='word_1_223' title='bbox 628 2464 679 2513; x_wconf 88' lang='lat' dir='ltr'><strong>scio</strong></span> <span class='ocrx_word' id='word_1_224' title='bbox 690 2479 723 2512; x_wconf 85' lang='lat' dir='ltr'><strong>en</strong></span> <span class='ocrx_word' id='word_1_225' title='bbox 730 2465 762 2512; x_wconf 85' lang='lat' dir='ltr'><strong>ad</strong></span> <span class='ocrx_word' id='word_1_226' title='bbox 771 2467 857 2526; x_wconf 87' lang='lat' dir='ltr'><strong>poetes</strong></span> <span class='ocrx_word' id='word_1_227' title='bbox 867 2466 933 2513; x_wconf 90' lang='lat' dir='ltr'><strong>solos</strong></span> <span class='ocrx_word' id='word_1_228' title='bbox 943 2465 1078 2526; x_wconf 78' lang='lat' dir='ltr'><strong>pertineat.</strong></span> 
     </span>
     <span class='ocr_line' id='line_1_26' title="bbox 141 2528 1076 2589; baseline 0.003 -13"><span class='ocrx_word' id='word_1_229' title='bbox 141 2529 419 2578; x_wconf 79' lang='lat' dir='ltr'><strong>vid.E1ms1.adEur.</strong></span> <span class='ocrx_word' id='word_1_230' title='bbox 439 2529 531 2576; x_wconf 85' lang='lat' dir='ltr'><strong>Bacch.</strong></span> <span class='ocrx_word' id='word_1_231' title='bbox 550 2530 619 2579; x_wconf 84' lang='lat'>1193.</span> <span class='ocrx_word' id='word_1_232' title='bbox 655 2529 736 2576; x_wconf 87' lang='lat' dir='ltr'><strong>Aliter</strong></span> <span class='ocrx_word' id='word_1_233' title='bbox 752 2528 848 2589; x_wconf 81' lang='lat' dir='ltr'><strong>judicat</strong></span> <span class='ocrx_word' id='word_1_234' title='bbox 866 2528 954 2580; x_wconf 83' lang='lat' dir='ltr'><strong>Stallb.</strong></span> <span class='ocrx_word' id='word_1_235' title='bbox 967 2529 1000 2577; x_wconf 83' lang='lat' dir='ltr'><strong>ad</strong></span> <span class='ocrx_word' id='word_1_236' title='bbox 1011 2530 1076 2580; x_wconf 87' lang='lat' dir='ltr'><strong>Plat.</strong></span> 
     </span>
     <span class='ocr_line' id='line_1_27' title="bbox 142 2591 1075 2656; baseline -0.001 -13"><span class='ocrx_word' id='word_1_237' title='bbox 142 2594 230 2654; x_wconf 78' lang='lat' dir='ltr'><strong>Symp.</strong></span> <span class='ocrx_word' id='word_1_238' title='bbox 242 2594 290 2642; x_wconf 80' lang='lat'><strong>214</strong></span> <span class='ocrx_word' id='word_1_239' title='bbox 300 2593 332 2641; x_wconf 83' lang='lat' dir='ltr'><strong>E.</strong></span> <span class='ocrx_word' id='word_1_240' title='bbox 367 2593 424 2655; x_wconf 82' lang='lat' dir='ltr'><strong>(Sed</strong></span> <span class='ocrx_word' id='word_1_241' title='bbox 434 2592 472 2640; x_wconf 90' lang='lat' dir='ltr'><strong>ibi</strong></span> <span class='ocrx_word' id='word_1_242' title='bbox 487 2593 592 2642; x_wconf 83' lang='lat' dir='ltr'><strong>Bekksr.</strong></span> <span class='ocrx_word' id='word_1_243' title='bbox 606 2591 745 2656; x_wconf 76' lang='grc' dir='ltr'>ἐπαινέσει)</span> <span class='ocrx_word' id='word_1_244' title='bbox 764 2594 937 2642; x_wconf 87' lang='lat' dir='ltr'><strong>Bornemann.</strong></span> <span class='ocrx_word' id='word_1_245' title='bbox 959 2593 993 2642; x_wconf 84' lang='lat' dir='ltr'><strong>ad</strong></span> <span class='ocrx_word' id='word_1_246' title='bbox 1010 2594 1075 2644; x_wconf 78' lang='lat' dir='ltr'><strong>Xon.</strong></span> 
     </span>
     <span class='ocr_line' id='line_1_28' title="bbox 140 2655 1021 2717; baseline 0.001 -11"><span class='ocrx_word' id='word_1_247' title='bbox 140 2658 251 2706; x_wconf 80' lang='lat' dir='ltr'><strong>Arabas.</strong></span> <span class='ocrx_word' id='word_1_248' title='bbox 263 2671 282 2706; x_wconf 92' lang='lat'><strong>1.</strong></span> <span class='ocrx_word' id='word_1_249' title='bbox 293 2658 309 2706; x_wconf 79' lang='lat'>4</span> <span class='ocrx_word' id='word_1_250' title='bbox 321 2657 577 2717; x_wconf 67' lang='grc' dir='ltr'>ξ16.--μὲνέπαιν.</span> <span class='ocrx_word' id='word_1_251' title='bbox 594 2657 673 2704; x_wconf 78' lang='lat' dir='ltr'><strong>Drrn.</strong></span> <span class='ocrx_word' id='word_1_252' title='bbox 683 2655 789 2706; x_wconf 80' lang='lat' dir='ltr'><strong>eumA1.</strong></span> <span class='ocrx_word' id='word_1_253' title='bbox 800 2656 841 2705; x_wconf 68' lang='lat' dir='ltr'><strong>Bi.</strong></span> <span class='ocrx_word' id='word_1_254' title='bbox 854 2657 877 2708; x_wconf 73' lang='lat' dir='ltr'>k</span> <span class='ocrx_word' id='word_1_255' title='bbox 892 2673 915 2708; x_wconf 87' lang='lat' dir='ltr'><strong>v.</strong></span> <span class='ocrx_word' id='word_1_256' title='bbox 931 2672 950 2708; x_wconf 89' lang='lat' dir='ltr'><strong>s.</strong></span> <span class='ocrx_word' id='word_1_257' title='bbox 1017 2701 1021 2712; x_wconf 86' lang='grc'>,</span> 
     </span>
    </p>
   </div>
   <div class='ocr_carea' id='block_1_4' title="bbox 137 2807 1176 3773">
    <p class='ocr_par' dir='ltr' id='par_1_4' title="bbox 174 2807 1176 2872">
     <span class='ocr_line' id='line_1_29' title="bbox 174 2807 1176 2872; baseline -0.005 -12"><span class='ocrx_word' id='word_1_258' title='bbox 174 2813 237 2872; x_wconf 66' lang='lat'>550.</span> <span class='ocrx_word' id='word_1_259' title='bbox 262 2811 317 2860; x_wconf 80' lang='lat' dir='ltr'><strong>The</strong></span> <span class='ocrx_word' id='word_1_260' title='bbox 325 2809 427 2859; x_wconf 86' lang='lat' dir='ltr'><strong>natural</strong></span> <span class='ocrx_word' id='word_1_261' title='bbox 436 2807 586 2857; x_wconf 87' lang='lat' dir='ltr'><strong>connection</strong></span> <span class='ocrx_word' id='word_1_262' title='bbox 634 2810 662 2856; x_wconf 90' lang='lat' dir='ltr'><strong>at</strong></span> <span class='ocrx_word' id='word_1_263' title='bbox 678 2823 721 2868; x_wconf 93' lang='lat' dir='ltr'><strong>my</strong></span> <span class='ocrx_word' id='word_1_264' title='bbox 730 2809 777 2856; x_wconf 92' lang='lat' dir='ltr'><strong>not</strong></span> <span class='ocrx_word' id='word_1_265' title='bbox 792 2823 855 2856; x_wconf 78' lang='lat' dir='ltr'><strong>even</strong></span> <span class='ocrx_word' id='word_1_266' title='bbox 874 2807 1006 2868; x_wconf 83' lang='lat' dir='ltr'><strong>expecting</strong></span> <span class='ocrx_word' id='word_1_267' title='bbox 1023 2807 1080 2866; x_wconf 86' lang='lat' dir='ltr'><strong>it,I</strong></span> <span class='ocrx_word' id='word_1_268' title='bbox 1174 2855 1176 2862; x_wconf 76' lang='grc'>,</span> 
     </span>
    </p>

    <p class='ocr_par' dir='ltr' id='par_1_5' title="bbox 140 2872 1078 2935">
     <span class='ocr_line' id='line_1_30' title="bbox 140 2872 1078 2935; baseline -0.006 -11"><span class='ocrx_word' id='word_1_269' title='bbox 140 2877 167 2925; x_wconf 85' lang='lat' dir='ltr'><strong>of</strong></span> <span class='ocrx_word' id='word_1_270' title='bbox 174 2876 227 2924; x_wconf 82' lang='lat' dir='ltr'><strong>this</strong></span> <span class='ocrx_word' id='word_1_271' title='bbox 234 2875 285 2924; x_wconf 87' lang='lat' dir='ltr'><strong>and</strong></span> <span class='ocrx_word' id='word_1_272' title='bbox 292 2875 336 2923; x_wconf 86' lang='lat' dir='ltr'><strong>the</strong></span> <span class='ocrx_word' id='word_1_273' title='bbox 345 2873 480 2935; x_wconf 82' lang='lat' dir='ltr'><strong>preceding</strong></span> <span class='ocrx_word' id='word_1_274' title='bbox 489 2872 586 2921; x_wconf 84' lang='lat' dir='ltr'><strong>section</strong></span> <span class='ocrx_word' id='word_1_275' title='bbox 634 2872 745 2920; x_wconf 82' lang='lat' dir='ltr'><strong>lilrewiso</strong></span> <span class='ocrx_word' id='word_1_276' title='bbox 757 2872 820 2929; x_wconf 88' lang='lat' dir='ltr'><strong>said,</strong></span> <span class='ocrx_word' id='word_1_277' title='bbox 830 2872 969 2932; x_wconf 87' lang='lat' dir='ltr'><strong>Mindyou,</strong></span> <span class='ocrx_word' id='word_1_278' title='bbox 980 2886 1040 2918; x_wconf 87' lang='lat' dir='ltr'><strong>men</strong></span> <span class='ocrx_word' id='word_1_279' title='bbox 1051 2872 1078 2919; x_wconf 81' lang='lat' dir='ltr'><strong>ot</strong></span> 
     </span>
    </p>

    <p class='ocr_par' dir='ltr' id='par_1_6' title="bbox 138 2935 1140 3447">
     <span class='ocr_line' id='line_1_31' title="bbox 139 2935 1079 3006; baseline -0.007 -17"><span class='ocrx_word' id='word_1_280' title='bbox 139 2941 163 2989; x_wconf 90' lang='lat' dir='ltr'><strong>is</strong></span> <span class='ocrx_word' id='word_1_281' title='bbox 182 2939 319 3006; x_wconf 76' lang='lat' dir='ltr'><strong>“Hearing</strong></span> <span class='ocrx_word' id='word_1_282' title='bbox 335 2939 398 2986; x_wconf 87' lang='lat' dir='ltr'><strong>then</strong></span> <span class='ocrx_word' id='word_1_283' title='bbox 421 2937 484 2986; x_wconf 90' lang='lat' dir='ltr'><strong>such</strong></span> <span class='ocrx_word' id='word_1_284' title='bbox 507 2936 586 2997; x_wconf 85' lang='lat' dir='ltr'><strong>grand</strong></span> <span class='ocrx_word' id='word_1_285' title='bbox 634 2936 738 2996; x_wconf 76' lang='lat' dir='ltr'><strong>Athens,</strong></span> <span class='ocrx_word' id='word_1_286' title='bbox 751 2937 862 2997; x_wconf 80' lang='lat' dir='ltr'><strong>ifenyoi</strong></span> <span class='ocrx_word' id='word_1_287' title='bbox 872 2935 944 2984; x_wconf 87' lang='lat' dir='ltr'><strong>these</strong></span> <span class='ocrx_word' id='word_1_288' title='bbox 954 2935 1079 2996; x_wconf 88' lang='lat' dir='ltr'><strong>promises</strong></span> 
     </span>
     <span class='ocr_line' id='line_1_32' title="bbox 139 2999 1079 3066; baseline -0.006 -14"><span class='ocrx_word' id='word_1_289' title='bbox 139 3004 265 3066; x_wconf 87' lang='lat' dir='ltr'><strong>promises</strong></span> <span class='ocrx_word' id='word_1_290' title='bbox 276 3003 328 3051; x_wconf 86' lang='lat' dir='ltr'><strong>and</strong></span> <span class='ocrx_word' id='word_1_291' title='bbox 343 3002 460 3061; x_wconf 82' lang='lat' dir='ltr'><strong>knowing</strong></span> <span class='ocrx_word' id='word_1_292' title='bbox 478 3002 518 3048; x_wconf 80' lang='lat' dir='ltr'><strong>ior</strong></span> <span class='ocrx_word' id='word_1_293' title='bbox 535 3015 585 3048; x_wconf 90' lang='lat' dir='ltr'><strong>cer·</strong></span> <span class='ocrx_word' id='word_1_294' title='bbox 635 3003 695 3049; x_wconf 87' lang='lat' dir='ltr'><strong>turn</strong></span> <span class='ocrx_word' id='word_1_295' title='bbox 707 3003 752 3047; x_wconf 89' lang='lat' dir='ltr'><strong>out</strong></span> <span class='ocrx_word' id='word_1_296' title='bbox 764 3002 828 3059; x_wconf 86' lang='lat' dir='ltr'><strong>trae,</strong></span> <span class='ocrx_word' id='word_1_297' title='bbox 845 3015 895 3060; x_wconf 86' lang='lat' dir='ltr'><strong>you</strong></span> <span class='ocrx_word' id='word_1_298' title='bbox 911 3002 968 3046; x_wconf 87' lang='lat' dir='ltr'><strong>vote</strong></span> <span class='ocrx_word' id='word_1_299' title='bbox 984 2999 1079 3046; x_wconf 76' lang='lat' dir='ltr'><strong>ihanlrs</strong></span> 
     </span>
     <span class='ocr_line' id='line_1_33' title="bbox 139 3062 1079 3128; baseline -0.009 -11"><span class='ocrx_word' id='word_1_300' title='bbox 139 3068 195 3117; x_wconf 86' lang='lat' dir='ltr'><strong>tain</strong></span> <span class='ocrx_word' id='word_1_301' title='bbox 205 3068 263 3116; x_wconf 82' lang='lat' dir='ltr'><strong>that</strong></span> <span class='ocrx_word' id='word_1_302' title='bbox 278 3067 311 3116; x_wconf 92' lang='lat' dir='ltr'><strong>he</strong></span> <span class='ocrx_word' id='word_1_303' title='bbox 321 3068 344 3114; x_wconf 91' lang='lat' dir='ltr'><strong>is</strong></span> <span class='ocrx_word' id='word_1_304' title='bbox 354 3066 426 3128; x_wconf 80' lang='lat' dir='ltr'><strong>lying</strong></span> <span class='ocrx_word' id='word_1_305' title='bbox 442 3064 525 3126; x_wconf 81' lang='lat' dir='ltr'><strong>(andI</strong></span> <span class='ocrx_word' id='word_1_306' title='bbox 535 3064 587 3112; x_wconf 82' lang='lat' dir='ltr'><strong>will</strong></span> <span class='ocrx_word' id='word_1_307' title='bbox 634 3067 661 3112; x_wconf 89' lang='lat' dir='ltr'><strong>to</strong></span> <span class='ocrx_word' id='word_1_308' title='bbox 683 3079 727 3125; x_wconf 89' lang='lat' dir='ltr'><strong>my</strong></span> <span class='ocrx_word' id='word_1_309' title='bbox 745 3063 1038 3124; x_wconf 82' lang='lat' dir='ltr'><strong>colleagues...however,</strong></span> <span class='ocrx_word' id='word_1_310' title='bbox 1057 3062 1079 3110; x_wconf 80' lang='lat' dir='ltr'><strong>it</strong></span> 
     </span>
     <span class='ocr_line' id='line_1_34' title="bbox 139 3125 1077 3194; baseline -0.007 -14"><span class='ocrx_word' id='word_1_311' title='bbox 139 3133 186 3180; x_wconf 91' lang='lat' dir='ltr'><strong>tell</strong></span> <span class='ocrx_word' id='word_1_312' title='bbox 203 3147 254 3192; x_wconf 91' lang='lat' dir='ltr'><strong>you</strong></span> <span class='ocrx_word' id='word_1_313' title='bbox 269 3131 333 3193; x_wconf 84' lang='lat' dir='ltr'><strong>why,</strong></span> <span class='ocrx_word' id='word_1_314' title='bbox 346 3133 409 3194; x_wconf 67' lang='grc' dir='ltr'>δια),</span> <span class='ocrx_word' id='word_1_315' title='bbox 421 3129 532 3188; x_wconf 81' lang='lat' dir='ltr'><strong>drawing</strong></span> <span class='ocrx_word' id='word_1_316' title='bbox 542 3143 586 3190; x_wconf 90' lang='lat' dir='ltr'><strong>my</strong></span> <span class='ocrx_word' id='word_1_317' title='bbox 634 3128 679 3176; x_wconf 84' lang='lat' dir='ltr'><strong>the</strong></span> <span class='ocrx_word' id='word_1_318' title='bbox 698 3131 822 3188; x_wconf 78' lang='lat' dir='ltr'><strong>contrary,</strong></span> <span class='ocrx_word' id='word_1_319' title='bbox 846 3127 918 3174; x_wconf 87' lang='lat' dir='ltr'><strong>mind</strong></span> <span class='ocrx_word' id='word_1_320' title='bbox 940 3141 990 3188; x_wconf 91' lang='lat' dir='ltr'><strong>you</strong></span> <span class='ocrx_word' id='word_1_321' title='bbox 1011 3125 1077 3174; x_wconf 87' lang='lat' dir='ltr'><strong>have</strong></span> 
     </span>
     <span class='ocr_line' id='line_1_35' title="bbox 140 3189 1140 3254; baseline -0.009 -10"><span class='ocrx_word' id='word_1_322' title='bbox 140 3196 301 3245; x_wconf 76' lang='lat' dir='ltr'><strong>conclusione</strong></span> <span class='ocrx_word' id='word_1_323' title='bbox 320 3196 383 3243; x_wconf 88' lang='lat' dir='ltr'><strong>then</strong></span> <span class='ocrx_word' id='word_1_324' title='bbox 405 3192 585 3254; x_wconf 81' lang='lat' dir='ltr'><strong>tromthis,1</strong></span> <span class='ocrx_word' id='word_1_325' title='bbox 634 3206 650 3239; x_wconf 84' lang='lat' dir='ltr'><strong>a</strong></span> <span class='ocrx_word' id='word_1_326' title='bbox 665 3191 758 3253; x_wconf 83' lang='lat' dir='ltr'><strong>grudgo</strong></span> <span class='ocrx_word' id='word_1_327' title='bbox 777 3191 876 3252; x_wconf 76' lang='lat' dir='ltr'><strong>against</strong></span> <span class='ocrx_word' id='word_1_328' title='bbox 895 3193 971 3238; x_wconf 78' lang='lat' dir='ltr'><strong>them:</strong></span> <span class='ocrx_word' id='word_1_329' title='bbox 998 3189 1079 3237; x_wconf 85' lang='lat' dir='ltr'><strong>andI</strong></span> <span class='ocrx_word' id='word_1_330' title='bbox 1139 3191 1140 3196; x_wconf 78' lang='grc'>’</span> 
     </span>
     <span class='ocr_line' id='line_1_36' title="bbox 138 3253 1079 3316; baseline -0.009 -8"><span class='ocrx_word' id='word_1_331' title='bbox 138 3275 196 3308; x_wconf 87' lang='lat' dir='ltr'><strong>rosc</strong></span> <span class='ocrx_word' id='word_1_332' title='bbox 205 3259 256 3308; x_wconf 82' lang='lat' dir='ltr'><strong>and</strong></span> <span class='ocrx_word' id='word_1_333' title='bbox 267 3274 337 3308; x_wconf 84' lang='lat' dir='ltr'><strong>came</strong></span> <span class='ocrx_word' id='word_1_334' title='bbox 348 3257 480 3306; x_wconf 83' lang='lat' dir='ltr'><strong>forwerd.”</strong></span> <span class='ocrx_word' id='word_1_335' title='bbox 495 3257 510 3304; x_wconf 95' lang='lat' dir='ltr'>I</span> <span class='ocrx_word' id='word_1_336' title='bbox 520 3256 586 3305; x_wconf 89' lang='lat' dir='ltr'><strong>have</strong></span> <span class='ocrx_word' id='word_1_337' title='bbox 633 3255 704 3303; x_wconf 82' lang='lat' dir='ltr'><strong>wash</strong></span> <span class='ocrx_word' id='word_1_338' title='bbox 714 3271 758 3316; x_wconf 88' lang='lat' dir='ltr'><strong>my</strong></span> <span class='ocrx_word' id='word_1_339' title='bbox 768 3255 850 3303; x_wconf 82' lang='lat' dir='ltr'><strong>hands</strong></span> <span class='ocrx_word' id='word_1_340' title='bbox 862 3255 889 3302; x_wconf 82' lang='lat' dir='ltr'><strong>ol</strong></span> <span class='ocrx_word' id='word_1_341' title='bbox 899 3254 943 3302; x_wconf 85' lang='lat' dir='ltr'><strong>tho</strong></span> <span class='ocrx_word' id='word_1_342' title='bbox 960 3253 1079 3301; x_wconf 86' lang='lat' dir='ltr'><strong>matter.’&#39;</strong></span> 
     </span>
     <span class='ocr_line' id='line_1_37' title="bbox 138 3319 1079 3385; baseline -0.006 -13"><span class='ocrx_word' id='word_1_343' title='bbox 138 3325 264 3372; x_wconf 75' lang='lat' dir='ltr'><strong>therefore</strong></span> <span class='ocrx_word' id='word_1_344' title='bbox 280 3322 369 3385; x_wconf 78' lang='lat' dir='ltr'><strong>placed</strong></span> <span class='ocrx_word' id='word_1_345' title='bbox 385 3337 401 3370; x_wconf 83' lang='lat' dir='ltr'><strong>a</strong></span> <span class='ocrx_word' id='word_1_346' title='bbox 420 3323 503 3383; x_wconf 86' lang='lat'><strong>(—-—)</strong></span> <span class='ocrx_word' id='word_1_347' title='bbox 521 3321 587 3368; x_wconf 83' lang='lat' dir='ltr'><strong>after</strong></span> <span class='ocrx_word' id='word_1_348' title='bbox 634 3319 722 3380; x_wconf 85' lang='lat' dir='ltr'><strong>Gomp.</strong></span> <span class='ocrx_word' id='word_1_349' title='bbox 735 3319 766 3367; x_wconf 90' lang='lat' dir='ltr'><strong>de</strong></span> <span class='ocrx_word' id='word_1_350' title='bbox 777 3321 841 3366; x_wconf 84' lang='lat' dir='ltr'><strong>Pace</strong></span> <span class='ocrx_word' id='word_1_351' title='bbox 852 3333 878 3379; x_wconf 88' lang='lat' dir='ltr'><strong>p.</strong></span> <span class='ocrx_word' id='word_1_352' title='bbox 890 3319 921 3367; x_wconf 83' lang='lat'><strong>59</strong></span> <span class='ocrx_word' id='word_1_353' title='bbox 934 3321 947 3377; x_wconf 65' lang='grc' dir='ltr'><strong>ἕ</strong></span> <span class='ocrx_word' id='word_1_354' title='bbox 960 3319 991 3365; x_wconf 87' lang='grc'><strong>10</strong></span> <span class='ocrx_word' id='word_1_355' title='bbox 1001 3319 1079 3366; x_wconf 80' lang='grc' dir='ltr'>ταῦτα</span> 
     </span>
     <span class='ocr_line' id='line_1_38' title="bbox 138 3383 1079 3447; baseline -0.009 -10"><span class='ocrx_word' id='word_1_356' title='bbox 138 3389 230 3447; x_wconf 78' lang='grc' dir='ltr'>τοῦτον,</span> <span class='ocrx_word' id='word_1_357' title='bbox 240 3387 343 3436; x_wconf 79' lang='lat' dir='ltr'><strong>instead</strong></span> <span class='ocrx_word' id='word_1_358' title='bbox 353 3387 380 3434; x_wconf 82' lang='lat' dir='ltr'><strong>of</strong></span> <span class='ocrx_word' id='word_1_359' title='bbox 390 3401 405 3434; x_wconf 82' lang='lat' dir='ltr'><strong>a</strong></span> <span class='ocrx_word' id='word_1_360' title='bbox 415 3385 510 3446; x_wconf 86' lang='lat' dir='ltr'><strong>period,</strong></span> <span class='ocrx_word' id='word_1_361' title='bbox 521 3385 561 3432; x_wconf 80' lang='lat' dir='ltr'><strong>ior</strong></span> <span class='ocrx_word' id='word_1_362' title='bbox 571 3385 585 3432; x_wconf 89' lang='lat'>1</span> <span class='ocrx_word' id='word_1_363' title='bbox 635 3387 689 3432; x_wconf 76' lang='grc' dir='ltr'>οὔτε</span> <span class='ocrx_word' id='word_1_364' title='bbox 705 3387 756 3432; x_wconf 78' lang='grc' dir='ltr'>οἶδα</span> <span class='ocrx_word' id='word_1_365' title='bbox 773 3387 827 3430; x_wconf 74' lang='grc' dir='ltr'>οὔτε</span> <span class='ocrx_word' id='word_1_366' title='bbox 841 3383 974 3445; x_wconf 70' lang='grc' dir='ltr'>προσδοκῶ,</span> <span class='ocrx_word' id='word_1_367' title='bbox 994 3385 1079 3446; x_wconf 72' lang='grc' dir='ltr'>νομίζω</span> 
     </span>
    </p>

    <p class='ocr_par' dir='ltr' id='par_1_7' title="bbox 137 3446 1079 3773">
     <span class='ocr_line' id='line_1_39' title="bbox 142 3446 1079 3508; baseline -0.007 -7"><span class='ocrx_word' id='word_1_368' title='bbox 142 3467 184 3501; x_wconf 77' lang='lat' dir='ltr'><strong>see</strong></span> <span class='ocrx_word' id='word_1_369' title='bbox 200 3467 235 3500; x_wconf 89' lang='lat' dir='ltr'><strong>no</strong></span> <span class='ocrx_word' id='word_1_370' title='bbox 246 3453 412 3500; x_wconf 79' lang='lat' dir='ltr'><strong>anacoluthon</strong></span> <span class='ocrx_word' id='word_1_371' title='bbox 426 3450 455 3496; x_wconf 90' lang='lat' dir='ltr'><strong>in</strong></span> <span class='ocrx_word' id='word_1_372' title='bbox 470 3449 516 3496; x_wconf 88' lang='lat' dir='ltr'><strong>the</strong></span> <span class='ocrx_word' id='word_1_373' title='bbox 529 3463 584 3496; x_wconf 81' lang='lat' dir='ltr'><strong>een·</strong></span> <span class='ocrx_word' id='word_1_374' title='bbox 634 3451 660 3496; x_wconf 74' lang='lat' dir='ltr'><strong>ot</strong></span> <span class='ocrx_word' id='word_1_375' title='bbox 681 3450 724 3496; x_wconf 81' lang='grc' dir='ltr'><strong>τὸν</strong></span> <span class='ocrx_word' id='word_1_376' title='bbox 746 3449 851 3508; x_wconf 85' lang='grc' dir='ltr'>λέγοντα</span> <span class='ocrx_word' id='word_1_377' title='bbox 872 3446 1079 3508; x_wconf 63' lang='lat' dir='ltr'><strong>tarpeia—For</strong></span> 
     </span>
     <span class='ocr_line' id='line_1_40' title="bbox 138 3505 1037 3577; baseline -0.007 -13"><span class='ocrx_word' id='word_1_378' title='bbox 138 3520 220 3565; x_wconf 87' lang='lat' dir='ltr'><strong>tenos.</strong></span> <span class='ocrx_word' id='word_1_379' title='bbox 255 3515 321 3577; x_wconf 80' lang='lat' dir='ltr'><strong>(And</strong></span> <span class='ocrx_word' id='word_1_380' title='bbox 343 3529 370 3562; x_wconf 85' lang='lat' dir='ltr'><strong>so</strong></span> <span class='ocrx_word' id='word_1_381' title='bbox 393 3512 584 3577; x_wconf 84' lang='lat' dir='ltr'><strong>Voemcl)—</strong></span> <span class='ocrx_word' id='word_1_382' title='bbox 634 3505 866 3572; x_wconf 58' lang='grc' dir='ltr'>ἀφίσταμαιοοτορ.</span> <span class='ocrx_word' id='word_1_383' title='bbox 878 3525 903 3570; x_wconf 89' lang='lat' dir='ltr'><strong>p.</strong></span> <span class='ocrx_word' id='word_1_384' title='bbox 916 3511 964 3558; x_wconf 88' lang='grc'><strong>350</strong></span> <span class='ocrx_word' id='word_1_385' title='bbox 975 3512 987 3568; x_wconf 68' lang='grc' dir='ltr'><strong>ἓ</strong></span> <span class='ocrx_word' id='word_1_386' title='bbox 998 3511 1037 3558; x_wconf 87' lang='grc'><strong>35.</strong></span> 
     </span>
     <span class='ocr_line' id='line_1_41' title="bbox 138 3573 1079 3644; baseline -0.009 -14"><span class='ocrx_word' id='word_1_387' title='bbox 138 3583 245 3644; x_wconf 84' lang='grc' dir='ltr'>τραχέως</span> <span class='ocrx_word' id='word_1_388' title='bbox 263 3579 282 3628; x_wconf 75' lang='grc' dir='ltr'><strong>δ’</strong></span> <span class='ocrx_word' id='word_1_389' title='bbox 303 3581 363 3635; x_wconf 73' lang='grc' dir='ltr'>ὑμεῖν</span> <span class='ocrx_word' id='word_1_390' title='bbox 377 3578 484 3640; x_wconf 82' lang='grc' dir='ltr'>σχόντων</span> <span class='ocrx_word' id='word_1_391' title='bbox 499 3577 584 3638; x_wconf 87' lang='grc' dir='ltr'>κ,τ.λ.]</span> <span class='ocrx_word' id='word_1_392' title='bbox 665 3575 730 3635; x_wconf 66' lang='lat'>551.</span> <span class='ocrx_word' id='word_1_393' title='bbox 764 3579 780 3602; x_wconf 93' lang='grc'>“</span> <span class='ocrx_word' id='word_1_394' title='bbox 789 3573 840 3621; x_wconf 87' lang='lat' dir='ltr'><strong>Not</strong></span> <span class='ocrx_word' id='word_1_395' title='bbox 861 3589 916 3622; x_wconf 84' lang='grc' dir='ltr'>ιιοιο</span> <span class='ocrx_word' id='word_1_396' title='bbox 939 3573 1017 3635; x_wconf 86' lang='lat' dir='ltr'><strong>(cried</strong></span> <span class='ocrx_word' id='word_1_397' title='bbox 1033 3574 1079 3623; x_wconf 87' lang='lat' dir='ltr'><strong>Ae·</strong></span> 
     </span>
     <span class='ocr_line' id='line_1_42' title="bbox 139 3637 1078 3706; baseline -0.007 -14"><span class='ocrx_word' id='word_1_398' title='bbox 139 3643 224 3692; x_wconf 84' lang='lat' dir='ltr'><strong>“And</strong></span> <span class='ocrx_word' id='word_1_399' title='bbox 233 3658 284 3706; x_wconf 90' lang='lat' dir='ltr'><strong>you</strong></span> <span class='ocrx_word' id='word_1_400' title='bbox 294 3643 391 3703; x_wconf 82' lang='lat' dir='ltr'><strong>having</strong></span> <span class='ocrx_word' id='word_1_401' title='bbox 407 3645 499 3692; x_wconf 72' lang='lat' dir='ltr'><strong>become</strong></span> <span class='ocrx_word' id='word_1_402' title='bbox 514 3655 584 3689; x_wconf 83' lang='lat' dir='ltr'><strong>exas-</strong></span> <span class='ocrx_word' id='word_1_403' title='bbox 634 3637 984 3701; x_wconf 82' lang='lat' dir='ltr'><strong>schines‚intcrruptingme),</strong></span> <span class='ocrx_word' id='word_1_404' title='bbox 993 3637 1025 3686; x_wconf 90' lang='lat' dir='ltr'><strong>do</strong></span> <span class='ocrx_word' id='word_1_405' title='bbox 1032 3641 1078 3685; x_wconf 90' lang='lat' dir='ltr'><strong>not</strong></span> 
     </span>
     <span class='ocr_line' id='line_1_43' title="bbox 137 3701 1079 3773; baseline -0.01 -15"><span class='ocrx_word' id='word_1_406' title='bbox 137 3707 244 3772; x_wconf 78' lang='lat' dir='ltr'><strong>pereted</strong></span> <span class='ocrx_word' id='word_1_407' title='bbox 261 3707 387 3773; x_wconf 81' lang='grc' dir='ltr'>(σχόντων,</span> <span class='ocrx_word' id='word_1_408' title='bbox 408 3708 454 3756; x_wconf 84' lang='lat' dir='ltr'><strong>not</strong></span> <span class='ocrx_word' id='word_1_409' title='bbox 474 3704 584 3770; x_wconf 83' lang='grc' dir='ltr'>ἐχόντων)</span> <span class='ocrx_word' id='word_1_410' title='bbox 633 3719 687 3753; x_wconf 76' lang='lat' dir='ltr'><strong>now</strong></span> <span class='ocrx_word' id='word_1_411' title='bbox 697 3702 768 3753; x_wconf 78' lang='lat' dir='ltr'><strong>weeh</strong></span> <span class='ocrx_word' id='word_1_412' title='bbox 779 3715 843 3764; x_wconf 83' lang='lat' dir='ltr'><strong>your</strong></span> <span class='ocrx_word' id='word_1_413' title='bbox 853 3701 937 3752; x_wconf 71' lang='lat' dir='ltr'><strong>hands</strong></span> <span class='ocrx_word' id='word_1_414' title='bbox 949 3703 975 3751; x_wconf 83' lang='lat' dir='ltr'><strong>ot</strong></span> <span class='ocrx_word' id='word_1_415' title='bbox 990 3701 1021 3761; x_wconf 86' lang='lat' dir='ltr'><strong>it,</strong></span> <span class='ocrx_word' id='word_1_416' title='bbox 1032 3701 1079 3750; x_wconf 88' lang='lat' dir='ltr'><strong>but</strong></span> 
     </span>
    </p>
   </div>
   <div class='ocr_carea' id='block_1_5' title="bbox 0 0 1324 4194">
    <p class='ocr_par' dir='ltr' id='par_1_8' title="bbox 0 0 1324 4194">
     <span class='ocr_line' id='line_1_44' title="bbox 0 0 1324 4194; baseline 0 2"><span class='ocrx_word' id='word_1_417' title='bbox 0 0 1324 4194; x_wconf 95' lang='lat' dir='ltr'><strong> </strong></span> 
     </span>
    </p>
   </div>
  </div>
 </body>
</html>
