2640 4204
260 259 322 324 198
567 253 884 321 DEMOSTHENIS

259 435 351 475 σεται
365 407 484 479 τούτοις
498 409 541 475 ὢν
555 410 671 498 ἔνοχος.
694 413 795 476 ταῦτα
808 411 867 492 μὲν
880 410 942 497 γὰρ
957 409 999 477 τὰ
1014 409 1138 494 ἰαμβεῖα
1150 403 1180 476 ἔκ
1248 449 1251 456 ·

259 511 404 583 Φοίνικάς
423 513 512 576 ἐστιν
539 509 720 596 Εὐριπίδου·
757 515 849 577 τοῦτο
875 511 909 579 δὲ
933 511 970 577 τὸ
995 511 1098 599 δριῖμα
1120 512 1180 579 οὐδὲ

258 613 388 680 πώποτε
402 613 472 679 οὔτε
483 612 642 699 Θεόδωρος
656 613 728 678 οὔτε
735 611 965 699 Ἀριστόδημος
980 614 1180 701 ὑπεκρίναντο,

258 715 304 786 οῖς
328 715 417 786 οὗτος
440 714 482 781 τὰ
505 715 597 799 τρίτα
620 715 725 798 λέγων
749 714 933 796 διετέλεσεν,
961 717 1049 783 α’λλά
1071 717 1181 784 Μάλον

256 817 420 900 ἠγωνίζετο
435 816 489 881 καὶ
504 816 531 881 εἰ
545 815 582 895 δή
597 842 644 886 τις
659 816 758 885 ἄλλος
773 820 835 881 τοῖν
846 823 994 883 παλαιῶν
1004 818 1180 903 ,ὑποκριτῶν

256 917 441 1000 Ἀντιγόνην
469 917 502 982 δὲ
534 913 732 1004 Σοφοκλέους
760 918 919 988 πολλάκις
944 918 1003 1001 μὲν
1032 919 1181 1003 Θεόδωρος

257 1021 415 1090 πολλάκις
441 1018 475 1084 δὲ
496 1017 726 1105 Ἀριστόδημος
751 1017 963 1107 ὑποκέκριται,
990 1021 1024 1085 ἐν
1043 1020 1181 1104 ᾔπεποι-

255 1120 355 1199 ημένα
370 1120 501 1200 ἰαμβεῖα
515 1121 620 1188 καλεῖς
640 1119 694 1184 καὶ
708 1118 931 1206 συμφερόντως
945 1120 1019 1203 ὑμῖν
1033 1120 1180 1191 πολλάκις

255 1219 346 1292 αὐτὸς
360 1219 487 1305 εἰρηκὼς
508 1220 562 1284 καὶ
580 1219 720 1305 ἀκριβῶς
741 1219 983 1303 ἐξεπιστάμενος
1004 1222 1178 1308 παρέλιπεν.

187 1335 241 1396 247
257 1325 326 1390 ἴστε
339 1325 401 1411 γάρ
420 1323 522 1405 δήπου
541 1322 635 1398 τοῦθ,
659 1322 707 1388 ὅτι
723 1323 757 1388 ἐν
771 1322 877 1389 άπασι
890 1327 955 1393 τοῖς
970 1323 1108 1411 δράμασι
1122 1329 1180 1396 τοῖς
1190 1349 1232 1412 275

254 1493 358 1555 plurale,
381 1490 434 1541 sive
452 1490 503 1540 duo
518 1489 657 1551 singularis
679 1489 785 1539 nomine
803 1491 1000 1553 conjunguntur,
1020 1491 1072 1542 sive
1091 1490 1178 1554 disjun-

254 1555 371 1617 guntur,”
399 1556 470 1605 Pors.
499 1555 532 1604 sd
552 1555 650 1603 Hecub.
679 1555 835 1604 lus—Pro
861 1555 1018 1618 ὑποκέκριται,
1047 1557 1179 1618 ὑπεκρίνατο

253 1622 278 1670 k.
293 1636 314 1669 r.
326 1636 346 1670 s.
359 1619 400 1669 6¹⁶.
413 1625 452 1668 em.
469 1619 510 1667 Al.
522 1619 563 1668 A’.
580 1621 606 1667 et
623 1637 664 1681 γρ.
682 1618 711 1669 F.
727 1618 753 1669 S.
788 1620 848 1668 Mox
865 1623 933 1670 αὐτὸς
953 1621 979 1670 S·
991 1622 1021 1670 Y.
1062 1623 1133 1671 οὕτως
1151 1620 1178 1668 0.

256 1685 321 1737 οὗτος
331 1685 625 1746 πώεα-παρέλειπεν
636 1682 722 1746 (idque
737 1697 788 1732 ree.
806 1697 883 1745 supra
899 1685 1010 1748 versum)
1025 1684 1051 1734 S.
1084 1687 1179 1750 ὑπερέβη

253 1751 278 1800 lu
287 1763 308 1799 ε.
321 1752 363 1799 6²²⁸.
372 1753 411 1800 em.
423 1746 463 1798 Al.
473 1747 514 1797 Al.
526 1747 599 1797 Harl.
632 1747 752 1797 Fortasse
762 1747 901 1800 Soholium.
915 1748 974 1800 Vid.
985 1753 999 1811 5
1010 1750 1065 1800 280.

255 1925 294 1972 καὶ
311 1924 361 1985 γάρ
379 1940 415 1972 τις
434 1923 505 1970 αιἰτάν
520 1919 629 1986 (Lysias)
633 1959 690 1973 ......
744 1917 830 1972 736F
852 1921 968 1985 Βρούτους
990 1920 1106 1970 ἀπεκάλει
1129 1921 1176 1971 τοῖς

254 1991 355 2050 ἔναγχος
365 1989 412 2035 τῶν
422 1990 549 2036 πολιτικῶν
559 1988 624 2034 τοῦτ’
636 1986 695 2035 οὖτά
744 1988 834 2047 ἀνδρας,
853 1985 969 2034 lollowed
989 1985 1024 2048 by
1042 1989 1175 2050 Βρούτους...

254 2055 365 2113 λοιδορῶν
385 2053 486 2115 ὠνείδιζε
500 2053 539 2100 καὶ
559 2053 598 2099 διὰ
615 2053 693 2110 πάσης
744 2049 861 2098 ἀπεκάλει
872 2053 924 2099 τοὺς
939 2052 1032 2111 ἀνδρας,
1044 2051 1115 2099 there
1128 2050 1177 2097 iss

255 2120 297 2177 τῆς
308 2118 424 2179 λοιδορίας
435 2119 515 2165 ἐκάλει
526 2117 689 2177 λογογράφον,
744 2113 831 2161 mixed
849 2115 940 2162 nolion
957 2115 984 2162 of
1005 2114 1050 2162 the
1073 2117 1176 2178 ὁμ-αοιιιι

255 2181 306 2230 end
321 2181 344 2230 D
362 2184 431 2242 δόξαν
453 2183 597 2244 φοβούμενοι
600 2216 657 2228 ......
660 2181 693 2237 μὴ
744 2176 1012 2227 sndthensck-name.
1048 2177 1177 2237 Iumonly

254 2247 504 2308 σοφιστοίκολῶντοι,
515 2243 601 2292 which
612 2242 693 2290 shews
744 2255 824 2290 auare
846 2242 874 2290 of
892 2244 940 2290 two
959 2256 1080 2303 passages
1101 2242 1174 2290 where

253 2310 310 2359 thet
332 2311 485 2373 λογογράφος
503 2308 555 2357 und
578 2309 693 2368 σοφιστὴς
742 2304 874 2355 ἀποκαλεῖν
898 2305 923 2354 is
948 2305 1013 2354 used
1028 2307 1057 2354 in
1082 2321 1098 2355 α
1119 2303 1176 2366 good
1277 2315 1278 2318 ’

253 2389 316 2423 ποτε
332 2374 396 2423 used
412 2376 439 2422 to
455 2387 550 2435 eonvey
560 2371 604 2418 the
623 2383 692 2418 seme
743 2383 829 2419 sense:
842 2368 1175 2431 onefurnishedbyuennep

252 2439 317 2487 idea.
362 2438 523 2499 compulso
544 2434 629 2483 Alexis
651 2448 692 2496 sp.
744 2433 810 2494 (who
832 2449 866 2482 on
887 2433 988 2484 Phulur.
1011 2449 1037 2496 p.
1061 2435 1113 2496 198,
1134 2434 1174 2483 199

252 2503 345 2553 Athen.
366 2515 400 2552 rx.
415 2517 441 2564 p.
461 2503 508 2549 383
525 2499 547 2547 E
567 2501 654 2560 πολλῷ
666 2499 691 2562 γ’
742 2497 790 2550 hus
804 2497 934 2547 diseussed
955 2497 1000 2546 the
1018 2499 1097 2560 word)
1117 2498 1175 2546 from

253 2569 358 2626 ἀμείνων,
381 2569 410 2617 ὡς
434 2570 518 2623 ἔοικας,
535 2564 589 2623 ἦσθ’
616 2567 679 2627 άραΙ
743 2561 873 2611 Plutarch.
892 2562 920 2612 Τ.
939 2576 969 2609 11.
982 2577 1008 2623 p.
1024 2565 1072 2615 776
1087 2563 1118 2621 E,
1136 2560 1175 2609 the

252 2630 410 2693 λογογράφος,
425 2631 692 2691 sandycem—exo-
742 2625 818 2674 other
828 2640 915 2674 occurs
926 2627 954 2674 in
966 2626 1071 2675 Aristot.
1086 2642 1114 2675 11.
1125 2625 1174 2674 Nio.

253 2696 342 2754 καλῶν]
353 2695 469 2754 properly
488 2694 597 2753 “giving
615 2709 631 2740 ο
650 2695 692 2756 by·
741 2689 828 2738 uthis.
856 2692 962 2748 9:9‚7
991 2694 1030 2739 καὶ
1051 2694 1100 2754 γὰρ
1117 2691 1174 2750 ἡμεῖς

252 2761 349 2816 παπιε,”
372 2771 423 2817 e.g.
442 2755 588 2816 Beuuolerk,
611 2756 691 2804 Lsek·
743 2755 1173 2814 ὀτὲμὲντουςέλλείποντοςὲπιιιιΰ·
1209 2763 1211 2770 ·

252 2821 320 2884 lund,
332 2819 586 2880 whethetinugood
597 2833 627 2867 or
641 2819 692 2868 bad
741 2836 791 2878 μεν,
816 2822 854 2867 καὶ
877 2820 965 2880 πράους
986 2822 1072 2878 φαμέν·
1101 2819 1174 2868 δτέδὲ

253 2899 335 2935 sense.
369 2884 438 2934 Sueh
455 2897 545 2932 names
564 2884 692 2946 generally
742 2880 1174 2946 τοὺςχαλεπαίνοντοςάνδρώδειςάτο·

251 2949 328 3011 being
343 2946 547 3008 “niele-named
561 2947 607 2995 the
623 2948 692 2996 word
741 2950 864 3007 καλοῦμεν.

250 3014 393 3076 frequently
404 3027 432 3062 αε
445 3012 506 3060 here
515 3011 539 3060 is
550 3012 577 3060 lo
590 3011 622 3060 bs
635 3026 691 3059 ren·
772 3012 829 3060 418.
847 3015 860 3071 ἕ
873 3012 929 3063 274.
962 3011 1014 3059 For
1025 3009 1171 3068 Theodorus,

251 3076 690 3138 dered“csllingeontemptuously,'’
741 3089 782 3124 see
793 3075 956 3124 Valckenssr.
965 3075 1074 3124 Distrib.
1085 3090 1111 3138 p.
1122 3074 1169 3122 182.

251 3144 302 3193 and
312 3145 335 3192 is
351 3141 437 3203 joined
446 3140 510 3188 with
527 3143 556 3191 ὡς
572 3143 597 3189 ἐν
610 3142 691 3188 ὀνείδει
740 3139 826 3187 Molon
852 3139 876 3188 is
893 3140 1036 3202 (according
1052 3143 1079 3188 to
1101 3143 1172 3196 some>

250 3209 315 3258 Plal.
339 3207 415 3266 Gorg.
429 3221 456 3268 p.
472 3206 519 3252 512
536 3205 563 3253 G.
596 3204 628 3251 In
644 3205 689 3252 the
740 3203 841 3252 alluded
861 3207 889 3251 to
907 3203 935 3251 in
958 3204 1035 3254 Arist.
1065 3205 1128 3252 Rsn.
1146 3199 1172 3249 55

250 3272 369 3334 spurious
380 3271 495 3331 dialogus
507 3268 631 3330 Sisyphus
642 3269 689 3318 991
739 3267 820 3329 μικρὸς
836 3268 917 3328 ἡλίκος
933 3269 1030 3317 Μόλων.
1069 3268 1114 3318 See
1134 3264 1173 3314 lhe

249 3337 273 3384 1)
289 3336 379 3399 τράςτῖ
391 3339 430 3385 οὖν
441 3337 501 3384 ποτε
512 3336 690 3396 ἀποβλέποντες
740 3331 980 3382 Scholiast.-—
991 3329 1171 3391 ἐξεπιστάμενος]

251 3404 368 3462 ἀνθρωττοι
400 3400 503 3463 πράγμα
529 3400 690 3448 ἀποκαλοῦσιν
739 3396 884 3456 “knowing
901 3396 974 3444 them
990 3395 1025 3456 by
1039 3393 1135 3453 hearl‚”
1148 3405 1172 3440 κθ

249 3465 386 3526 ἀνθρώπους
397 3468 521 3527 εὐβούλους
531 3481 559 3511 τε
569 3465 610 3511 καὶ
620 3479 688 3510 κοκο-
739 3459 924 3520 Ρ1ε9,Ρ11αοᾱς.
944 3459 1039 3508 228Ἑ.
1073 3461 1106 3510 So
1119 3457 1171 3506 Pro-

248 3531 350 3590 βούλους
372 3531 429 3576 εἶναί
447 3543 526 3585 raven
553 3527 567 3574 I
587 3528 689 3586 suspect
738 3527 818 3585 tegor.
834 3525 882 3573 325
903 3525 926 3572 E
955 3523 1108 3585 ἐκμανθάνειν
1125 3522 1170 3567 “10

249 3591 307 3639 that
319 3592 367 3640 άπὸ
375 3591 422 3640 hus
433 3595 502 3652 erepl
512 3592 541 3639 in
552 3592 618 3639 from
630 3593 688 3638 άπε-
738 3588 811 3637 leern
821 3588 855 3650 by
864 3588 965 3637 heert.'‘

249 3657 386 3716 βλέποντες,
406 3655 458 3703 and
476 3655 534 3703 'shut
556 3657 690 3716 ἀνθρώπους
772 3654 851 3712 5275.
891 3653 972 3700 “You
1000 3653 1085 3715 surely
1108 3651 1171 3701 know

250 3719 304 3768 also
314 3718 338 3766 is
349 3733 382 3766 en
392 3717 514 3768 intruder.
532 3719 660 3767 Plutarch.
670 3733 689 3766 1.
739 3716 802 3777 thus,
814 3717 872 3766 that
879 3715 908 3764 in
918 3717 953 3766 ull
962 3716 1053 3778 Tragia
1062 3717 1171 3770 Dramw»
