2654 4202
360 297 420 362 DE
448 295 590 364 FALSA
619 293 881 360 LEGATIONE.
1029 295 1087 356 125

146 457 231 540 ὑμᾶς
259 456 334 541 περὶ
362 457 458 523 τῶνδε
485 461 548 522 τῶν
577 454 668 537 ἐγγὺς
693 453 746 518 καὶ
771 450 924 534 μειζόνων,
949 450 1033 534 λέγω
1057 450 1090 516 δὲ

72 561 131 632 167
149 559 291 624 Φωκέων
305 558 359 624 καὶ
378 562 504 635 Πυλῶν,
520 557 555 624 οὐ
577 555 784 643 προήσεσθαι·
806 553 849 634 μὴ
868 552 1089 640 προλαβόντος

149 665 177 730 δ’
193 665 312 731 ἐκείνου
331 670 432 736 ταῦτα
453 662 523 746 μηδ’
539 663 626 746 ὑμῶν
646 657 904 744 ἐξαπατηθέντων
924 655 1037 723 ἅπαντ’
1057 659 1090 725 ἐν

149 767 300 851 ἀσφαλεῖ.
313 767 354 832 τὰ
372 764 534 852 πρήγμαθ
549 764 621 845 ὑμῖν
638 763 778 836 ἔσεσθαι,
799 761 852 827 καὶ
873 760 948 847 παρ’
967 759 1089 831 ἑκόντος

149 869 303 954 ὑπάρξειν
328 867 486 940 αὐτοῦτὰ
507 865 618 932 δίκαια.
664 865 717 930 καὶ
740 863 825 930 ταῦτ’
848 862 975 933 εἰκότως
993 860 1158 951 oi'rror153

148 969 379 1051 ὑπελάμβανον
410 970 496 1052 ἕξειν.
553 968 581 1033 εἰ
612 967 674 1050 γὰρ
704 965 793 1047 ἦσαν,
824 965 868 1056 ὥς
896 964 980 1046 ἦσαν
1008 965 1087 1042 τότε,

149 1075 274 1142 Φωκεῖς
308 1077 386 1158 σῷοι
420 1071 473 1136 καὶ
507 1069 619 1141 Πύλας
649 1069 742 1157 εἶχον,
776 1070 888 1138 ἐκεῖνος
916 1067 975 1148 μὲν
1003 1064 1089 1132 οὐδὲν

148 1173 190 1238 dv
208 1172 214 1261 Ι
233 1173 307 1256 ὑμῖν
334 1171 419 1260 εἶχεν
446 1172 670 1238 σ’νατείνασθαι
693 1173 839 1256 φοβερόν,
862 1169 900 1233 δι’
923 1169 939 1233 ὃ
960 1172 1022 1234 τῶν
1044 1167 1088 1232 δι·
1103 1169 1165 1245 389

76 1293 134 1348 168
148 1276 305 1350 καίωνᾶν
325 1303 356 1341 τι
376 1275 551 1359 παρείδετε
568 1273 639 1338 οὔτε
658 1271 719 1358 peip
738 1272 819 1337 κατὰ
839 1274 899 1352 ιρήν
921 1269 1089 1352 παρελθὼν

148 1380 222 1446 οὔτε
242 1380 335 1447 ναυσὶ
354 1377 515 1464 κρατήσας
537 1375 579 1444 εἰς
601 1374 657 1457 τήν
676 1373 825 1454 Ἀττικήν
844 1371 928 1455 ήξειν
947 1371 1087 1452 ἔμελλεν,

102 1481 106 1488 ’
148 1482 235 1564 ὑμεῖς
257 1481 283 1546 δ’
307 1483 424 1548 ἐκείνου
447 1484 652 1568 παραχρῆμα,
673 1476 761 1558 εἰμὴ
784 1474 826 1541 τὰ
845 1475 951 1540 δίκαια
972 1475 1086 1554 ποιοίη,
1122 1509 1126 1530 ι

149 1587 290 1651 κλείσειν
310 1586 351 1650 τὰ
373 1573 531 1672 ἐμπήριαζ
539 1584 593 1649 καὶ
611 1575 783 1670 χρημάτων
800 1578 826 1646 τ’
847 1581 881 1645 ἐν
901 1576 1016 1644 σπάνει
1036 1580 1089 1644 καὶ

149 1692 212 1754 τῶν
235 1687 345 1752 ἄλλων
370 1689 403 1752 ἐν
426 1686 595 1772 πολιορκίᾳ
619 1685 720 1752 πάλιν
746 1682 839 1748 αὐτὸν
864 1681 1086 1762 καταστήσειν,

150 1789 226 1857 ὥστ’
240 1791 364 1860 ’ἐκεῖνος
387 1789 404 1854 ὁ
429 1789 607 1855 δουλεύσων
629 1788 762 1878 ἔμ-εζὶὲεν
785 1786 916 1854 ἔσεσθαι
938 1789 1002 1853 τοῖς
1024 1781 1088 1848 ἀπὸ

149 1990 210 2038 Mox
221 1991 260 2039 rol
273 1991 323 2041 τῶν
336 1993 445 2052 μειζόνων
460 1991 488 2041 F.
500 1991 528 2050 Q.
540 1991 568 2038 O.
580 2005 600 2040 r.
610 2006 667 2040 rav.
702 1989 752 2041 Sed
767 1991 815 2040 τῶν
828 1993 901 2054 epple
920 1993 959 2040 καὶ
978 1990 1089 2053 μειζόνων

148 2055 330 2115 respondentia
342 2055 374 2102 ad
385 2058 434 2104 τοῖς
445 2057 524 2118 πόρρω
536 2059 574 2104 καὶ
586 2055 707 2117 ἐλάττοσι,
722 2055 754 2105 ad
765 2054 853 2104 eadem
864 2056 1002 2116 pertinent.

197 2122 211 2179 ξ
223 2119 277 2170 167.
313 2122 513 2169 ἐπανατείνασθοι
523 2137 563 2184 γρ.
574 2119 602 2170 F.
616 2119 640 2170 S.
651 2119 680 2180 Q.

197 2187 210 2243 p
223 2183 278 2233 168.
307 2202 370 2233 ποιοι
381 2184 436 2232 sine
448 2185 553 2233 aoeentu
563 2198 600 2245 pr.
616 2183 642 2233 s:
660 2183 835 2258 nantirpadd
854 2187 919 2248 ποιοῖ
932 2184 981 2234 Εο.
995 2182 1086 2232 Teneo.

148 2245 231 2296 Bm
242 2249 455 2298 θήρ-δουλεύων
464 2246 504 2298 ΑῙ.
515 2248 540 2296 k.
548 2262 568 2298 s.
576 2247 800 2297 Dran--doeodar
809 2251 910 2306 ἔμελλεν
916 2247 943 2308 Q
956 2249 985 2297 O.
996 2250 1014 2296 t.
1025 2263 1050 2298 u.
1061 2264 1085 2297 v.

68 2365 71 2376 .
150 2314 252 2368 ἔμελλεν
269 2326 320 2360 om.
340 2326 378 2372 pr.
398 2312 422 2362 S.
442 2312 491 2362 Eo.
514 2312 603 2361 Teme.
629 2311 715 2360 Vener.
750 2311 816 2361 Sane
832 2313 916 2372 potuit
937 2312 1085 2372 supplerie

149 2375 310 2436 praegressis,
324 2390 386 2424 nam
399 2377 425 2424 si'
440 2376 501 2424 dore
512 2379 610 2426 ἔπεσθαι
626 2376 724 2436 jungas,
739 2375 854 2436 syntaxis
868 2375 981 2437 postulat
1000 2378 1087 2425 ἐκεῖνον

150 2442 192 2488 τὸν
205 2443 372 2518 δουλεύσαντι,
384 2440 451 2501 qnod
462 2441 620 2489 Vosmelium
630 2441 759 2488 monitum
769 2440 835 2488 volo.

150 2621 270 2670 sentence
280 2616 355 2679 being
373 2619 594 2679 affirmativa.--
644 2617 660 2676 ἡ
682 2617 719 2665 διὰ
739 2619 804 2676 κενῆς
822 2616 974 2668 ἐπανάσεισις
992 2619 1039 2668 τῶν
1061 2620 1084 2668 ὅ·

151 2688 209 2734 ὥστ’
213 2716 273 2733 ......
277 2685 303 2731 οὐ
330 2683 488 2743 προήσεσθαι]
534 2682 592 2731 “So
645 2684 718 2741 τλων,
736 2680 787 2728 and
805 2681 915 2743 perhaps
933 2684 986 2732 also
1002 2697 1037 2732 v1.
1053 2686 1084 2734 86

149 2748 207 2797 that
225 2761 277 2808 yon
294 2746 323 2794 in
338 2745 412 2793 those
427 2747 523 2794 remote
542 2745 593 2793 and
644 2744 686 2794 οὐκ
709 2749 782 2795 ἄλλον
810 2748 863 2794 τινὰ
892 2751 1085 2808 προσειοντες

149 2810 446 2873 less-importantplaoes
460 2808 593 2870 observing
644 2811 735 2873 φόβον
755 2809 860 2874 (though
882 2825 951 2860 some
973 2827 1007 2860 on
1027 2813 1085 2862 that

149 2876 259 2936 Philip's
290 2873 480 2934 over-reaching
518 2873 592 2935 spirit
643 2887 748 2934 passage
769 2873 835 2922 have
862 2875 971 2940 adopted
996 2877 1084 2926 Ruhn-

150 2940 201 2989 and
211 2937 387 2988 faithlessness
400 2937 462 3000 [aad
479 2937 592 2997 drowiop
643 2937 798 2989 ken’sview:
817 2941 949 3001 “ollariop
964 2956 994 2990 as
1005 2941 1084 3052 {lead-

149 3007 286 3068 a'oseraaeas
308 3002 376 3062 from
401 3003 434 3064 tt]
450 3001 592 3062 respecting
643 3003 686 3062 ιἰιρ
702 3017 731 3050 aa
749 3004 789 3064 οιι]
810 3002 844 3065 by
862 3018 896 3051 no
913 3004 986 3052 other
1018 3007 1084 3054 ear.'’

149 3069 224 3117 those
245 3064 329 3114 whieh
341 3079 406 3113 were
424 3080 486 3114 near
498 3064 549 3113 and
565 3066 592 3120 of
645 3065 691 3114 See
708 3066 750 3114 his
769 3069 837 3115 most
859 3068 957 3128 elegant
975 3072 1034 3117 note
1050 3084 1084 3118 on

149 3147 220 3181 more
241 3129 305 3179 aaa}
323 3129 429 3177 intereat
438 3167 496 3180 ......
509 3128 592 3190 would
644 3128 742 3190 Timaei
752 3130 838 3181 Lario.
847 3131 927 3179 under
939 3132 1043 3198 θαλλός).

149 3199 195 3244 not
205 3195 305 3256 neglect
315 3193 410 3242 them.”
443 3193 476 3241 In
492 3192 537 3241 the
553 3195 592 3242 di·
675 3195 755 3254 5168.
790 3197 829 3243 καὶ
851 3193 1084 3256 χρημάτων,.....κα-

149 3267 207 3310 raet.
231 3265 295 3308 orat.
322 3257 366 3305 the
394 3257 484 3306 Orator
510 3257 593 3305 would
643 3259 782 3320 τοσπήσειν]
811 3258 893 3306 “And
910 3259 993 3308 would
1010 3261 1085 3321 again

148 3325 213 3373 have
236 3321 292 3372 said
314 3323 375 3370 ὥστε
396 3320 422 3372 οὐ
449 3318 591 3384 προήσεσθε.
643 3321 1083 3387 reduoehimtoadesrthofmoney‚

151 3388 271 3448 SeeApp.
286 3387 316 3433 B.
643 3384 1085 3449 andtouehingallotherpointsto

180 3451 324 3512 389.§167.
354 3448 529 3514 ἀνατείνασθαι]
539 3449 593 3498 The
643 3449 776 3510 aperieot
797 3449 943 3498 bloolrade.’'
977 3451 1023 3502 See
1039 3453 1085 3504 the

149 3515 284 3576 metaphor
314 3513 338 3561 is
371 3513 493 3575 probably
525 3515 591 3564 trem
643 3527 761 3575 passages
778 3514 871 3574 quoted
887 3514 973 3574 beloW.
994 3521 1007 3578 5
1025 3519 1081 3579 362,

150 3581 314 3639 brondiahiap
325 3581 590 3628 amoarioomeaae·
643 3578 694 3626 and
713 3591 830 3640 compare
848 3578 892 3627 the
911 3580 1040 3631 condition
1058 3584 1086 3632 oi

149 3649 310 3706 ιἰιριιιοιιιιοτ,
323 3639 512 3703 asinThueyd.
524 3657 548 3690 v.
561 3644 591 3694 17
642 3641 736 3690 Russia
753 3642 828 3692 when
847 3643 908 3693 shut
929 3645 1019 3694 within
1040 3647 1085 3697 the

150 3709 289 3770 παρασκευή
311 3711 516 3768 προεπανεσεισθη
544 3708 592 3756 ἀπὸ
642 3705 724 3755 Ballio
747 3707 798 3756 and
822 3708 901 3757 Black
924 3710 973 3761 Sea
994 3711 1086 3774 during

149 3777 194 3822 τιῖν
216 3773 411 3831 Λακεδαιμονίων.
446 3771 592 3832 Op.1v.l26
642 3771 817 3822 theOrimean
827 3789 886 3823 war.
