2640 4194
707 235 727 295 2

246 388 348 451 ταῦτα
362 386 402 450 τὰ
415 383 592 469 πράγματα
606 389 774 471 κατηγορεῖ
786 383 803 450 ὁ
814 384 1018 467 Δημοσθένης
1029 384 1186 473 Αἰσχίνου

247 484 327 572 τρία·
349 482 398 551 ’ὅτι
413 486 631 572 Φιλοκράτους
646 486 785 573 αἰσχρὰν
800 487 852 552 καὶ
864 486 1048 573 ἀσύμφορον
1062 488 1185 573 εἰρήνην

247 586 423 672 γράφοντος
447 593 592 652 συνεῖπεν
617 586 708 673 αὐτῷ·
737 585 786 654 ’ότι
807 588 878 657 τοὺς
898 588 1029 676 χρόνους
1052 589 1185 654 κατανά-

246 697 343 768 λωσε,
365 689 441 775 παρ’
463 687 480 754 θ
503 689 623 769 συνέβη
646 691 687 753 τὰ
708 692 741 755 ἐν
762 690 875 778 Θρᾴκῃ
897 691 1115 778 διαφθαρῆναι·
1137 690 1186 759 ’ὄτι

245 788 351 874 ψευδῆ
381 789 460 876 πρὸς
488 790 673 871 Ἀθηναίους
701 791 884 874 ἀπήγγειλε,
914 792 988 874 παρ’
1018 791 1035 858 ῖ
1064 792 1184 872 συνέβη

248 894 368 963 Φωκεῖς
389 891 580 959 ἀπολέσθαι·
604 892 672 960 εῖπε
692 895 763 981 γάρ,
780 895 887 980 φησίν,
907 895 956 961 ὅτι
978 896 1108 966 Φωκέας
1129 897 1185 960 οὐκ

247 992 411 1080 ἀναιρήσει
440 995 614 1075 Φιλίππος,
644 997 698 1061 καὶ
727 996 811 1078 ὑμεῖς
834 998 933 1082 τούτῳ
957 996 1185 1069 πιστεύσαντες

168 1113 231 1176 334
248 1093 303 1158 οὐκ
318 1095 516 1176 ἐβοηθήσατε
532 1096 539 1182 Ι
559 1101 622 1166 τοῖς
638 1096 794 1184 ἀνδράσιν.
832 1099 912 1183 φησὶ
924 1099 1068 1165 δὲταῦτα
1079 1099 1185 1164 πάντα

246 1197 301 1263 ε’πὶ
317 1200 423 1286 μισθῷ
442 1199 495 1264 καὶ
513 1198 621 1285 δώροις
638 1199 693 1264 τὸν
714 1200 873 1286 Αἰσχίνην
895 1200 1183 1285 κεκακουργηκέναι.

245 1297 265 1379 ή
288 1299 403 1371 στάσις
422 1301 497 1385 περὶ
515 1300 633 1376 οὐσίας,
653 1302 707 1367 καὶ
725 1302 949 1389 στοχαστική”
970 1302 990 1382 ή
1008 1302 1042 1368 δὲ
1063 1303 1185 1383 κίνησις

246 1406 301 1483 τής
327 1402 443 1490 ἔχθρας
471 1403 599 1484 λέγεται
621 1403 673 1469 διὰ
694 1404 858 1490 Τίμαρχον
878 1403 933 1470 τὸν
955 1404 1051 1490 φιλον
1079 1409 1185 1486 Δημο·

246 1503 385 1582 σθένους,
403 1502 436 1568 ῖν
450 1503 608 1586 ἠτίμωσεν
622 1503 779 1590 Αἰσχίνης
797 1503 1016 1585 κατηγορήσας
1031 1503 1071 1574 οῖς
1086 1509 1184 1568 κακοῦ

245 1608 329 1687 βίου,
346 1606 425 1672 διὸτι
439 1605 518 1692 πρὸς
541 1606 747 1671 Πιττάλακον
766 1605 819 1671 τὸν
834 1604 981 1692 ὀρνιθίαν,
997 1606 1103 1689 φησίν,
1121 1605 1184 1670 εἰσ-

245 1709 293 1793 ήει
323 1706 476 1792 εὔμορφος
505 1705 555 1783 ὤν,
585 1705 638 1770 ἐπὶ
667 1708 711 1790 τῷ
740 1705 873 1770 θεᾶσθαι
902 1705 958 1773 τὰς
985 1705 1093 1793 μάχας
1121 1709 1185 1771 τῶν

246 1807 383 1893 ὀρνίθων,
400 1806 654 1893 διαφθειρόμενον
669 1807 723 1873 καὶ
737 1806 966 1895 διαφθείροντα.

494 2147 648 2214 ‘ETEPA
675 2141 940 2218 ‘moffiffl
969 2171 999 2232 ῃ

312 2301 539 2371 ΠΟΛΕΜΟΣ
554 2297 754 2380 συνειστήκει
769 2298 926 2384 Φιλίππῳ
937 2299 989 2364 καὶ
1004 2299 1183 2381 Ἀθηναίοις

244 2407 385 2492 μακρόςῖ,
402 2408 437 2488 ἐξ
451 2404 547 2489 οὗπερ
562 2403 713 2490 παραβάς
732 2402 788 2472 τὰς
805 2402 883 2486 πρὸς
900 2403 1010 2475 αὐτοὺς
1024 2405 1183 2486 συνθήκας

244 2512 345 2587 ἔλαβε
364 2509 440 2592 παρ’
461 2505 864 2592 ὈλυνθίωνἌμφίπολιν,
885 2505 984 2572 οὖσαν
1003 2511 1108 2587 κτῆμα
1127 2511 1182 2589 τής

244 2611 374 2679 πόλεως·
397 2610 449 2674 καὶ
473 2609 512 2690 ἦν
537 2607 590 2673 ὑπ’
616 2607 796 2676 Ὀλυνθίοις
819 2606 889 2672 καθ’
916 2606 951 2672 ὃν
974 2609 1080 2694 καιρὸν
1106 2609 1182 2675 ἀπέ-

245 2738 370 2794 στησαν
392 2711 445 2777 καὶ
466 2711 497 2776 οί
517 2713 688 2798 σύμμαχοι.
733 2709 931 2790 συνειστήκει
952 2708 1056 2775 δὲκαὶ
1078 2710 1181 2799 ἕτερος

245 2819 392 2880 Φωκεῦσι
417 2811 493 2897 πρὸς
519 2809 698 2881 Θετταλοὺς
727 2811 781 2876 καὶ
804 2811 975 2889 Θηβαίους,
1000 2817 1092 2878 τοῦτο
1122 2814 1181 2892 μὲν

244 2917 317 3001 περὶ
339 2920 395 2980 τοῦ
418 2915 500 2997 ἱεροῦ
521 2918 578 2978 τοῦ
598 2915 704 2978 Πυθοῖ
719 2913 797 3000 πρὸς
820 2913 1007 2993 Θετταλούς,
1030 2919 1122 2981 τοῦτο
1146 2915 1180 2981 δὲ

244 3016 323 3103 ὑπὲρ
347 3015 540 3104 Ὀρχομενοῦ
558 3013 610 3079 καὶ
632 3014 807 3098 Κορωνείας
826 3015 905 3102 πρὸς
922 3015 992 3086 τοίς
1008 3018 1180 3097 Θηβαίους·

244 3119 374 3200 εὔδηλον
394 3118 457 3203 γάρ
480 3117 515 3180 ἐκ
536 3118 591 3197 τῆς
614 3115 752 3204 ἱστορίας
773 3114 822 3181 ὅτι
839 3121 902 3190 τῶν
919 3117 977 3199 μὲν
990 3116 1179 3204 παρείλοντο

274 3312 329 3360 334.
336 3311 369 3375 (2)
379 3310 455 3358 “The
461 3309 577 3371 question
586 3309 684 3374 (ιιαιιω)
735 3310 799 3358 liber
814 3313 869 3373 περὶ
886 3313 993 3360 στάσεων
1009 3313 1034 3360 et
1051 3312 1180 3374 singulare

244 3376 359 3438 (Quintil.
375 3390 414 3424 111.
430 3375 451 3423 6.
465 3376 489 3439 1)
508 3377 581 3422 turns
595 3389 628 3422 on
639 3375 684 3423 the
734 3376 810 3435 eaput
823 3379 875 3437 περὶ
886 3380 1033 3436 στοχασμοῦ.

242 3441 293 3489 faut
317 3440 407 3503 (utrum
429 3442 463 3487 κίι
480 3439 568 3501 meone)
588 3438 640 3502 angl
660 3439 684 3487 is
766 3440 820 3488 334.
841 3441 875 3501 (l)
889 3440 971 3488 “Hoc
982 3443 1132 3500 argumento
1140 3456 1180 3490 oa·

242 3503 421 3617 (χοαΙφοίιὲτοΙΡ
440 3502 496 3576 Ῡὶα
508 3503 611 3614 ξοραες,
620 3503 683 3551 Lex.
733 3505 791 3614 1τςεαί
810 3503 939 3615 (Ιοᾰίφοῗία
952 3504 1056 3616 RHeisbkio
1073 3506 1179 3618 εΙΗΙόεΙι-

243 3581 432 3697 σθθςβστθθιθςίι
450 3581 682 3691 ῙΘίθνΑστέίιιάτοίίΙί.
735 3572 1094 3693 Τῗβοτδῧῗεῂοίῖ.’ῗῧῗθο.
1128 3573 1179 3697 ’ΘΙ

241 3712 266 3760 p.
279 3695 507 3753 34o,15.-Exstat
518 3695 685 3758 Hermogenis
733 3698 814 3758 μικρὸς
832 3695 910 3746 Oodd.
928 3698 961 3747 ad
978 3713 1059 3748 unum
1079 3703 1180 3763 praeter
