2640 4194
332 253 392 317 DE
422 250 565 316 EALSA
593 249 858 316 LEGATIONE.
1022 255 1062 316 35

125 439 182 477 τον
200 411 346 500 ἐπράχθη
366 409 421 475 τὸν
439 407 563 493 τρόπον,
580 405 655 473 ἀλλ’
671 405 751 491 ὑπὲρ
764 406 822 488 μὲν
837 405 879 472 ὧν
893 406 982 493 παρὰ
995 407 1064 473 τοὺ-

126 541 190 579 των
211 513 291 595 ὑμᾶς
312 512 373 578 ἔδει
395 512 483 590 δίκην
501 508 681 592 λαμβάνειν
702 508 737 574 οὑ
759 507 977 588 πεποιηκότων
996 507 1065 574 οὑδὲ

127 615 323 702 διῳκηκότων
343 615 431 681 οὐδὲν
450 614 493 680 ὧν
513 614 600 695 ὑμεῖς
620 613 839 698 προσετάξατε
854 615 888 679 ἐν
901 619 947 701 τῷ
959 614 1065 700 ψηφί-

127 741 237 797 σματι,
258 717 371 784 ἐκεῖνος
391 715 551 804 ἐκδέχεται
573 715 630 795 τὴν
652 714 757 780 αἰτίαν
776 715 833 791 καί
853 719 953 799 φησιν
975 715 1066 785 αὑτὸς

127 817 226 885 αἴτιος
246 818 444 899 γεγενῆσθαι,
462 817 495 882 δν
517 815 573 883 οὑκ
595 805 740 900 ἐμέλλεθ’
761 815 846 898 ὑμεῖς
868 817 955 900 οἶμαι
977 819 1065 900 δυνη-

77 945 113 997 42
129 917 244 982 σεσθαι
266 917 413 997 κολάσαι,
434 917 456 982 ἃ
474 917 500 982 δ’
516 920 630 989 ἐκεῖνος
652 921 853 1002 ἐξαπατῆσαι
871 919 925 985 καὶ
946 930 1067 1005 προλα·
1079 939 1117 1010 38

127 1021 200 1098 βεῖν
219 1026 274 1098 τῆς
294 1021 417 1091 πόλεως
432 1021 592 1099 ἐβούλετο,
610 1022 697 1093 οὗτος
713 1021 913 1104 ἀπήγγειλεν,
931 1021 982 1088 ἵνα
995 1022 1066 1105 μηδ’

128 1120 300 1202 ἐγκαλέσαι
335 1121 415 1202 μηδὲ
438 1119 443 1208 Ι
468 1122 664 1207 μέμψασθαι
695 1121 792 1204 μηδὲν
821 1120 953 1206 ὕστερον
982 1120 1067 1204 ὑμεῖς
1082 1148 1098 1210 3
1104 1146 1118 1208 5
1125 1148 1140 1208 3

129 1224 234 1311 ἔχοιτε
251 1225 415 1309 Φιλίππῳ,
430 1222 502 1305 μήτ’
518 1224 551 1288 ἐν
569 1224 726 1307 ἐπιστολῇ
744 1223 817 1306 μήτ’
833 1223 951 1289 ἄλλοθι
967 1224 1067 1306 μηδα-

127 1327 188 1405 μοὺ
207 1328 269 1388 τῶν
289 1324 364 1406 παρ’
381 1324 498 1390 ἐκείνου
515 1324 633 1390 τούτων
648 1325 787 1391 ἐνόντων.
832 1325 907 1410 λέγε
921 1325 948 1390 δ’
963 1325 1068 1396 αὑτοῖς

127 1425 225 1507 αὑτὴν
242 1427 298 1507 τὴν
316 1426 498 1507 ἐπιστολήν,
515 1425 552 1506 ἣν
572 1427 697 1513 ἔγραψε
710 1428 768 1510 μὲν
784 1427 881 1507 οὗτος,
898 1428 1026 1515 ἔπεμψε
1041 1428 1068 1494 δ’

130 1531 252 1598 ἐκεῖνος·
276 1530 329 1592 καὶ
351 1527 493 1616 σκοπεῖθ’
516 1526 566 1592 ότι
587 1531 699 1593 τοῦτον
720 1527 863 1616 ἔχειτὸν
884 1525 1010 1613 τρόπον,
1033 1527 1068 1592 ὃν

130 1629 324 1714 διεξελήλυθ’
340 1628 408 1713 ἐγώ.
451 1629 534 1711 λέγε.

478 1903 720 1970 ΕΠΙΣΤΟΛΗ.

79 2092 96 2142 4
101 2090 117 2144 3
195 2051 342 2118 Ἀκοὺετε
365 2050 389 2115 ὦ
415 2051 522 2137 ἄνδρες
549 2049 713 2130 Ἀθηναῖοι
738 2054 793 2131 τῆς
819 2052 1001 2130 ἐπιστολῆς,
1030 2051 1068 2120 ὠς
1082 2082 1119 2137 39

132 2155 215 2235 καλὴ
238 2154 291 2218 καὶ
314 2152 547 2239 φιλάνθρωπος,
570 2152 643 2239 περὶ
664 2151 698 2216 δὲ
720 2151 895 2234 Φωκέωνῆ
916 2153 1069 2232 Θηβαίων

132 2257 152 2338 ἢ
167 2261 229 2322 τῶν
244 2257 356 2320 ἄλλων
371 2253 412 2321 ὧν
427 2254 515 2326 οὗτος
529 2255 705 2337 ἀπήγγειλε
719 2257 798 2342 πρὸς
813 2255 898 2338 ὑμᾶς,
916 2255 985 2320 οὐδὲ
999 2260 1068 2341 γρῦ.

133 2360 248 2439 ταύτης
263 2359 366 2425 τοίνυν
380 2358 441 2423 οὐδ’
457 2358 561 2424 ὁτιοῦν
575 2358 642 2422 ἐσθ’
658 2357 747 2439 ὑγιές.
793 2359 846 2422 καὶ
860 2356 942 2424 τοῦτ’
958 2357 1070 2424 αὐτίκα

133 2461 172 2542 δὴ
195 2463 285 2544 μάλα
309 2463 395 2545 ὑμεῖς
418 2461 548 2546 ὄψεσθε.
592 2461 624 2527 οἱ
643 2461 702 2543 μὲν
724 2459 785 2546 γὰρ
806 2459 921 2538 Ἃλεῖς,
946 2459 997 2530 οὓς
1020 2458 1071 2525 ίνα

133 2569 412 2636 συνδιαλλάττωσι
446 2573 622 2655 κατασχεῖν
652 2568 734 2653 φησὶ
761 2565 896 2644 τοίτους,
926 2566 1070 2644 τοιᾳὺτης

132 2763 176 2811 ille
193 2761 295 2822 quidem
306 2763 446 2823 glossarum
457 2759 643 2821 sagacissimus,
655 2759 776 2821 injuriam
787 2760 881 2808 inferre
892 2760 928 2822 τῷ
942 2761 999 2821 πρὸς
1014 2763 1071 2820 ὑμᾶς

132 2826 242 2875 voluerit
253 2826 295 2888 (ef.
307 2831 320 2886 ς
331 2825 372 2888 43)
385 2825 518 2886 peritiores
528 2825 647 2873 viderint.
670 2826 743 2873 Certo
755 2828 917 2888 ἀπήγγελλεν,
930 2825 984 2874 ἀλλ’
997 2829 1071 2874 sonat

133 2885 240 2940 monins
251 2904 329 2952 quam
340 2892 483 2951 ἀπήγγειλε,
498 2889 551 2938 οὑδέ
562 2890 623 2950 543.

181 2958 195 3015 ς
213 2955 254 3002 42.
288 2956 377 3002 ἄλλοτε
394 2954 419 3002 S.
436 2953 503 3014 quod
519 2967 552 3001 ne
565 2954 635 3014 ipsos
647 2953 749 3013 quidem
760 2953 810 3001 En.
823 2953 914 3002 Temo.
926 2956 1070 3014 recepturos

132 3019 212 3068 fnisse
229 3018 360 3080 petebam.
394 3017 454 3066 Mox
470 3020 518 3066 τῶν
535 3031 584 3064 om.
599 3017 624 3065 S.
636 3017 666 3065 Y.
678 3018 727 3065 Eo.
741 3017 830 3066 Temo.
842 3018 928 3065 VomM.
940 3018 1023 3065 Bm.
1037 3020 1069 3064 et.

132 3082 241 3132 Variont
257 3082 317 3129 libri
333 3082 402 3130 inter
417 3085 473 3140 τοῖς,
485 3083 540 3142 τῶν,
554 3083 580 3129 οῖ
596 3084 622 3130 ἐν
641 3085 699 3132 τοῖς.
733 3080 804 3130 ὄντων
819 3082 886 3142 vulg.
900 3083 960 3129 ante
978 3081 1068 3131 Rome

133 3149 234 3197 ἐνόντων
246 3147 271 3196 S.
284 3145 324 3193 Al.
337 3146 388 3194 elii.

181 3215 194 3272 5
206 3211 245 3258 43.
274 3212 331 3271 πρὸς
343 3212 401 3269 ὑμᾶς
411 3211 469 3270 post
481 3211 617 3270 ἀπήγγειλε
627 3224 678 3258 om.
692 3209 716 3259 S.
728 3210 807 3257 Dmn.
819 3209 868 3257 En.
881 3208 971 3257 Temo.
983 3208 1069 3256 Voeu.

133 3277 203 3338 [πρὸς
222 3275 292 3386 ὑῙμιῖς]
309 3274 393 3322 Bm.
426 3274 494 3337 [Om.
513 3273 596 3322 Bm.
618 3273 664 3338 ει]
698 3273 793 3334 Quidni
804 3271 973 3322 servandum?
1006 3273 1070 3334 015

133 3340 251 3400 ³1,§4.

133 3527 244 3575 another.
279 3523 326 3574 See
346 3523 427 3572 below
447 3538 472 3586 p.
497 3525 578 3585 3715
628 3524 698 3585 τωσι]
710 3521 754 3570 the
763 3536 823 3584 very
832 3521 913 3570 words
925 3523 952 3570 of
962 3523 1071 3574 thebet-

134 3591 190 3648 108,
209 3589 343 3649 οοωραεοᾱ
357 3588 421 3638 with
438 3587 468 3636 do
488 3589 578 3637 Geron.
629 3591 679 3636 ter:
708 3586 833 3634 therefore
848 3587 893 3635 the
910 3587 1070 3649 oonjunotive

21 3711 23 3720 Ι
133 3667 158 3717 p.
174 3655 221 3701 232
233 3656 246 3713 ἕ
257 3653 297 3700 21.
629 3650 734 3725 isrighff.
750 3650 858 3699 Seealso
868 3654 881 3712 ἕ
893 3652 1070 3703 40.-τούτονε·

111 3761 121 3776 ,
166 3719 223 3768 353.
256 3717 331 3778 §4³-
364 3717 403 3766 ba
425 3715 580 3767 συνδιαλλίτ·
629 3715 1041 3778 Aesohmesondhisoolleoguos.

905 3817 986 3878 3-2
