2640 4194
720 235 742 296 4

261 391 427 471 ἐπιδοῦναι,
443 391 496 456 καὶ
510 390 741 473 ἀπολογεῖσθαι
756 387 804 454 ότι
818 387 949 471 ήγνόουν
964 389 995 454 οἱ
1004 395 1198 475 στρατιῶται

260 491 309 559 ότι
331 493 488 577 ἱερομηνία
510 494 586 559 ἐστί.
630 492 684 558 καὶ
704 481 824 562 τούτοις
843 492 943 556 πάλιν
962 491 1076 573 ὁμοίως
1090 494 1198 577 ἔλεγεν

260 593 301 664 ὠς
315 593 408 680 φιλας
423 595 486 677 εἰμί
505 593 690 674 Ἀθηναίοις.
733 592 787 658 καί
807 593 950 665 ἐλθόντες
964 594 1008 664 εἰς
1023 595 1079 675 τήν
1092 595 1197 662 Ἀττι-
1315 673 1316 676 ¹

260 696 317 778 κήν
340 698 381 762 τὰ
406 697 486 763 αύτιὶ
510 703 574 767 τοῖς
598 697 709 766 ἄλλοις
732 697 937 780 ἀπήγγειλαν.
982 703 1084 764 ταῦτα
1108 697 1197 765 οἰκού-

260 829 372 872 σαντες
392 801 555 882 Ἀθηναῖοι
578 801 748 880 ἐβούλοντο
769 802 881 883 μαθεῖν
905 802 935 866 εἰ
957 801 1025 883 μετ’
1049 801 1198 882 ἀληθείας
1315 813 1316 876 I

259 903 382 990 εἰρήνην
405 903 492 986 όγειυ
514 904 667 983 βούλεται
693 906 873 976 Φίλιππος.
918 907 972 972 καὶ
996 906 1033 987 δή
1056 933 1198 993 χειροτο·

181 1006 243 1084 336
258 1011 348 1073 νοῦσι
366 1009 370 1094 Ι
391 1007 465 1072 δέκα
476 1009 636 1095 πρέσβεις.
668 1009 730 1074 εἰσί
746 1010 771 1074 δ’
787 1010 873 1076 οὗτοι
885 1013 1068 1098 Κτησιφῶν,
1086 1011 1197 1100 Ἀρισ-

1315 2807 1316 2856 ί

259 1109 606 1197 τόδημος,“’1ατροκλῆς,
627 1112 748 1192 Κίμων,
772 1114 971 1195 Ναυσικλῆς,
989 1114 1195 1199 Δέρκυλλοςζ

259 1213 396 1300 Φρύνων,
424 1215 635 1300 Φιλοκράτης,
666 1214 830 1303 Αἰσχίνης,
860 1215 1073 1299 Δημοσθένης.
1117 1218 1197 1298 πέμ-

258 1342 357 1380 πουσι
372 1315 404 1381 δὲ
420 1316 547 1386 τούτους
567 1316 609 1390 εἰς
628 1316 836 1395 Μακεδονίαν,
862 1317 912 1383 ἵνα
925 1318 1072 1400 μάθωσιν
1087 1319 1115 1384 εἰ
1128 1321 1197 1401 μετ’

258 1417 406 1498 ἀληθείας
424 1418 577 1496 βούλεται
600 1419 722 1506 εἰρήνην
744 1417 832 1503 ἇγειν
854 1420 869 1484 ὁ
894 1423 1070 1494 Φιλιππος·
1092 1424 1145 1490 καί
1168 1428 1198 1492 εἰ

258 1519 373 1599 ἀληθές
388 1521 484 1596 ἐστιν,
501 1519 623 1602 ἐνέγκαι
636 1518 712 1603 παρ’
727 1519 822 1586 αὐτοῦ
837 1521 990 1608 πρέσβεις
1005 1524 1075 1593 τούς
1088 1531 1196 1611 ληψο-

256 1621 366 1702 μένους
384 1621 454 1691 τούς
472 1618 587 1708 όρκονς.
632 1619 835 1687 εἰσελθόντων
853 1621 908 1687 ούυ
927 1627 990 1689 τῶν
1008 1624 1083 1689 δέκα
1096 1627 1195 1711 πρέσ-

257 1725 352 1802 βεων,
365 1723 406 1788 ὧν
417 1723 455 1804 ἦν
467 1724 519 1789 καὶ
530 1723 743 1806 Δημοσθένης,
754 1723 873 1808 ήγαγου
885 1725 949 1790 άπὸ
959 1730 1014 1791 τοῦ
1026 1727 1195 1796 Φιλίππου

258 1833 339 1913 τρεῖς
361 1828 522 1912 πρέσβεις,
548 1825 759 1913 Ἀντίπατρον
784 1829 994 1915 Παρμενίωνα
1019 1829 1072 1894 καὶ
1096 1829 1195 1915 Εὐρύ-

257 1939 365 2018 λοχον,
386 1929 568 2015 ὀφειλοντας
584 1931 701 2006 λαβεῖν
721 1929 792 1999 τούς
813 1928 930 2015 όρκους.
975 1933 1196 2014 συναγομένων

259 2033 292 2099 δὲ
311 2036 372 2098 τῶν
392 2030 570 2119 συμμάχων
592 2034 653 2096 τῶν
673 2030 851 2112 Ἀθηναίων
873 2032 927 2097 ἐπὶ
947 2036 992 2119 τῷ
1013 2040 1195 2123 παρασχεῖν

258 2134 328 2203 τούς
352 2132 460 2220 όρκους
483 2131 596 2220 χρόνος
624 2131 819 2221 παρήρχετο.
863 2133 916 2198 καὶ
944 2133 1109 2215 γινώσκων
1138 2137 1195 2216 τήν

259 2235 356 2324 φύσιν
370 2238 425 2300 τοῦ
440 2234 609 2300 Φιλίππου
624 2231 640 2298 ὁ
655 2224 871 2318 Δημοσθένης,
892 2234 933 2305 οῖς
953 2234 1001 2300 ἀεὶ
1022 2264 1194 2326 καταστρε-

259 2337 394 2425 φομένου
406 2336 458 2402 καὶ
470 2336 699 2420 ἐπηρεάζουτος,
711 2336 798 2419 λέγει
809 2344 873 2407 τοῖς
882 2338 1061 2418 Ἀθηναίοις
1072 2341 1194 2428 ταχέως

258 2441 363 2505 δοῦναι
384 2439 454 2509 τούς
476 2437 591 2524 όρκονς,
610 2439 664 2505 καὶ
684 2440 728 2522 μή
750 2439 905 2527 παρόντος
929 2443 1192 2528 Κερσοβλέπτου·

175 2561 184 2574 ’
256 2545 347 2623 ἔλεγε
371 2541 432 2626 γὰρ
462 2539 510 2605 ότι
538 2541 582 2609 εἰς
611 2541 668 2621 τήν
697 2542 827 2630 Θρᾴκην
856 2541 1081 2631 ἀπερχομένων
1105 2546 1193 2630 ἡμῶν

255 2643 385 2727 παρέξει
407 2640 477 2711 τούς
494 2640 602 2727 όρκους
622 2641 638 2705 ὁ
658 2643 919 2728 Κερσοβλέπτης.
962 2644 1067 2710 ἰστέον
1089 2646 1124 2712 δὲ
1143 2647 1193 2714 ότι

255 2741 460 2826 Δημοσθένης
489 2739 647 2823 όπήλθεν“
676 2745 709 2808 ἐν
738 2748 777 2828 τῇ
805 2745 935 2832 δευτέρᾳ
960 2746 1120 2834 πρεσβεία
1142 2747 1194 2814 διὰ

255 2843 401 2925 τοιαύτην
428 2842 601 2929 πρόφασιν·
638 2842 787 2910 οἰπελθοίν
815 2844 876 2930 γάρ
907 2846 950 2915 εἰς
979 2843 1036 2925 τήν
1064 2847 1192 2932 πρώτην

254 2943 430 3033 πρεσβείαν
455 2943 541 3029 εὗρεν
564 2946 596 3010 έν
620 2945 802 3034 Μακεδονία
824 2947 908 3016 τινάς
934 2949 996 3012 τῶν
1016 2947 1192 3030 Ἀθηναίων

255 3047 484 3137 αἰχμαλώτους,
508 3046 561 3110 καὶ
584 3045 742 3134 ὑπέσχετο
765 3051 871 3134 φέρειν
885 3050 920 3113 ε’κ
935 3051 996 3114 τῶν
1012 3049 1098 3116 ἰδίων
1111 3079 1190 3138 χρη-

253 3152 361 3234 μάτων
390 3148 443 3215 καὶ
468 3147 629 3235 ῥύσασθαι
651 3146 770 3222 αύτούς,
800 3147 855 3214 οὐκ
881 3148 1007 3216 ἐδύνατο
1037 3151 1071 3216 δέ
1099 3155 1191 3216 τοῦτο

254 3257 395 3334 ποιήσαι,
410 3250 439 3316 εἰ
454 3251 498 3333 μή
518 3251 551 3315 ἐν
571 3249 780 3337 προσχήματι
801 3253 1008 3336 πρεσβευτοῦ.
1052 3252 1143 3336 ἔλεγε
1158 3254 1191 3319 δὲ

254 3354 310 3436 τήν
326 3353 504 3442 πρεσβείαν
521 3353 673 3448 ἀπελθεῖν
692 3355 767 3440 πλῷ
788 3353 841 3417 διὰ
860 3354 913 3418 τὸ9
934 3354 1046 3427 αὐτούς
1067 3358 1189 3446 ταχέως

285 3507 341 3557 336.
376 3509 412 3571 (7)
424 3507 533 3555 “Immo
555 3509 672 3568 Δερκύλος
680 3508 695 3532 ”
746 3461 893 3554 οδυείιοίοτ
916 3505 994 3554 codd.
1023 3507 1190 3560 Probabiliter

253 3571 303 3620 En.
332 3571 421 3620 Τυωο.
449 3571 523 3624 Dem.
546 3571 626 3631 3965
649 3570 695 3619 193
746 3569 856 3618 Emona.
874 3573 915 3618 οὐκ
932 3571 962 3619 ἂν
976 3573 1018 3621 ἀπ.
1037 3575 1062 3620 ἐν
1076 3575 1109 3634 τῇ
1128 3577 1148 3624 δ.
1162 3593 1188 3625 τ.

252 3635 298 3684 ubi
325 3636 340 3682 2
367 3634 444 3684 Oodd.
474 3638 613 3697 Δέρκυλλος.
639 3633 695 3683 Vid.
747 3636 810 3694 εἰμὴ
828 3637 866 3683 διὰ
881 3652 903 3683 τ.
918 3653 944 3685 π.
974 3637 1007 3697 (9)
1020 3638 1059 3685 διὰ
1071 3641 1107 3688 τὸ.
1128 3639 1190 3687 “for

252 3698 381 3760 Axistoph.
394 3699 468 3758 Vesp.
481 3700 520 3748 78.
555 3700 695 3760 (emnam
745 3697 790 3747 the
809 3698 869 3747 sake
890 3698 917 3747 of
937 3697 1082 3749 their...i.e.
1102 3704 1129 3750 to
1144 3702 1189 3751 the
