2654 4202
362 245 423 310 on
451 243 594 310 renen
623 244 889 310 Lnenrronn.
1033 214 1106 311 103'

147 407 206 473 καὶ
231 403 248 471 ὅ
275 405 435 492 Δερκύλος
459 405 495 469 ε’κ
518 407 575 484 Ιτῆς
601 404 762 476 Χαλκίδος
788 402 861 486 ήκεν
887 403 1096 491 άναστρέήιας

148 511 206 576 καὶ
228 510 422 593 ἀπήγγειλεν
444 506 517 590 ύμῖν
538 508 803 588 ἐκκλησιάζουσιν
826 509 860 572 ἐν
883 510 1029 595 Πειραιεῖ
1047 507 1096 572 ότι

148 613 274 682 Φωκεῖς
303 610 506 684 ἀπολώλασι,
537 610 591 674 καὶ
620 608 707 692 ὑμεῖς
737 608 762 676 ὦ
793 608 902 696 ἄνδρες
931 609 1095 688 Ἀθηναῖοι

147 711 239 778 ταῦτ’
264 710 454 780 ἀκούσαντες
481 710 606 780 εἰκότως
629 709 783 782 κάκείνοις
812 711 1012 800 συνήχθεσθε
1041 715 1096 780 καὶ

148 813 239 879 αὐτοὶ
260 811 491 898 ἐξεπέπληχθε,
517 811 570 876 καὶ
590 811 707 883 παῖδας
730 813 784 876 καὶ
806 818 955 895 γυναῖκας
979 816 1014 879 ἐκ
1032 820 1095 899 τῶν

148 916 255 1002 ἇγρῶν
276 914 493 996 κατακομίζειν
513 913 711 998 ἐψηφίζεσθε
733 913 786 978 καὶ
808 913 850 978 τά
871 912 1005 1001 φρούρια
1027 916 1095 982 ε’πι·

149 1017 313 1096 σκευάζειν
330 1014 384 1079 καὶ
407 1013 460 1080 τόν
478 1016 618 1099 Πειραιᾶ
634 1015 780 1101 τειχίζειν
795 1013 848 1079 καὶ
863 1014 905 1079 τὰ
916 1014 1095 1100 Ἡράκλεια

72 1119 135 1191 ῐ38
150 1120 185 1183 ἐν
201 1118 293 1182 ἄστει
311 1113 555 1196 θύειν,-ε’πειδή
574 1113 663 1180 ,ταῦτ’
681 1113 720 1193 ἦν
742 1115 795 1179 καὶ
816 1113 945 1195 τοιαύτη
967 1117 1093 1204 ταραχή
1110 1125 1164 1179 126

151 1220 207 1286 καὶ
227 1223 378 1290 τοσοῦτος
400 1219 534 1303 θόρυβος
553 1217 557 1304 Ι
578 1218 790 1305 περιειστήκει
812 1219 869 1300 τήν
890 1220 994 1298 πόλιν,
1010 1247 1093 1299 τηνι-
1108 1231 1171 1309 380

151 1325 253 1386 καῦτα
282 1321 298 1386 ὁ
328 1320 426 1408 σοφός
453 1321 506 1386 καὶ
528 1319 625 1391 δεινός
655 1319 744 1390 οὗτος
775 1322 828 1386 καὶ
857 1322 992 1410 εὔφωνος
1023 1323 1094 1389 ούτε

150 1423 273 1502 βουλῆς
289 1422 360 1488 ούτε
375 1422 473 1504 δήμου
483 1421 762 1510 χειροτονήσαντος
777 1423 871 1489 αὐτὸν
882 1423 983 1512 ᾤχετο
994 1452 1093 1510 πρεσ-

149 1523 256 1602 βεύων
279 1521 320 1594 ὡς
338 1522 392 1600 τόν
407 1527 509 1588 ταῦτα
523 1525 728 1606 πεποιηκότα,
745 1523 816 1590 ούτε
830 1526 887 1604 τὴν
902 1525 1091 1612 άῤῥωστίαν,

150 1625 200 1713 ἐφ’
214 1625 235 1710 ᾗ
249 1625 313 1692 τότ’
330 1625 513 1708 ἐξωμόσαθ’,
529 1626 809 1710 ὑπολογισάμενος,
834 1629 897 1694 οὔθ’
921 1629 971 1696 ότι
992 1657 1091 1717 πρεσ-

76 1751 136 1807 139
148 1729 265 1810 βεντής
283 1727 383 1799 άλλος
399 1729 496 1815 ᾕρητο
515 1728 584 1794 ἀνθ’
602 1729 706 1806 αὑτοῦ,
722 1729 786 1796 οὔθ’
804 1730 852 1795 ότι
867 1736 929 1798 τῶν
943 1732 1092 1799 τοιούτων

149 1831 281 1912 όνόμος
308 1832 443 1896 θάνατον
467 1831 523 1912 τήν
554 1833 665 1912 ζημίαν
688 1831 766 1897 εἶναι
792 1833 921 1914 κελεύει,
949 1835 1013 1900 οὔθ’
1042 1835 1091 1902 ’ότι
1108 1851 1157 1909 127

149 1932 314 1999 πάνδεινόν
334 1934 423 1997 ἐστιν
444 1931 672 2016 ἀπηγγελκότα
693 1933 733 2002 ως
752 1934 995 2019 ἐπικεκήρυκται
1013 1938 1091 2024 χρή-

149 2102 316 2161 ἐξεπέπληχθε
328 2099 352 2148 S.
366 2099 396 2150 Y.
409 2101 435 2147 et
446 2117 485 2162 γρ.
498 2099 526 2150 F.
545 2099 630 2147 Vonrr.
647 2098 692 2159 qui
710 2102 898 2161 “opponuntur
914 2115 967 2149 non
983 2102 1089 2150 Atheni-

148 2179 223 2214 enses
242 2163 373 2226 perterriti
394 2166 420 2212 et
437 2164 589 2222 Phocenses,
612 2163 656 2211 sed
675 2163 845 2212 Athenienses
862 2167 1007 2215 metuentes
1027 2167 1090 2228 ipsis

148 2228 196 2278 sibi
206 2229 335 2289 iidemque
346 2230 489 2276 metuentes
500 2227 699 2277 Phocensibus.”
731 2227 788 2276 Vid.
800 2231 854 2280 not.

196 2295 275 2353 5138.
310 2290 378 2341 ταῦτ’
393 2291 423 2352 ήν
439 2295 478 2341 καὶ
495 2306 545 2339 om.
557 2291 583 2339 k.
596 2306 616 2339 s.
650 2295 732 2352 ἐπειδὴ
749 2297 848 2352 τοιαύτη
863 2296 960 2355 ταραχή
978 2294 1086 2356 (opinor)

148 2357 221 2418 Aug¹.
259 2360 357 2414 τοιαύτη
370 2355 394 2406 S.
409 2356 434 2403 k.
450 2370 469 2406 s,
505 2359 637 2415 τηλικαύτη
647 2374 686 2416 γρ.
703 2355 728 2404 S.
742 2357 769 2416 Q.
803 2357 863 2404 Mox
874 2361 978 2408 τοιοῦτος
990 2359 1013 2407 S.
1026 2358 1050 2407 k
1065 2374 1084 2409 s.

147 2423 195 2471 En.
208 2421 386 2470 Τουτούλαν,
405 2422 499 2482 ὀσοφὸς
507 2423 546 2469 καὶ
558 2422 628 2469 δεινὸς
636 2419 704 2469 οὗτος
714 2419 739 2468 S.
747 2421 777 2468 Y.
787 2423 806 2468 t.
818 2421 863 2480 (sic
871 2421 969 2483 Beki).
993 2424 1006 2471 ὁ
1017 2426 1088 2473 δεινὸς

148 2489 186 2535 καὶ
198 2489 273 2547 σοφὸς
284 2485 349 2534 οὗτος
359 2485 388 2532 F.
397 2485 427 2542 Q.
436 2484 465 2532 0.
475 2499 495 2531 r.
508 2486 527 2531 t.
541 2483 586 2545 (sic
597 2483 689 2545 Bekk.)
702 2499 726 2531 u.
739 2499 762 2532 v.
787 2483 855 2535 οὗτος
866 2500 924 2534 cum
935 2486 984 2534 En.
995 2487 1087 2537 Turro.

147 2549 231 2610 recepi
245 2552 349 2611 propter
365 2563 518 2596 consensum
533 2547 610 2596 Oodd.
644 2548 816 2597 ούτοσὶΒοκκ.
829 2549 907 2599 Drnn.
941 2550 1002 2600 Mox
1019 2554 1088 2612 (unte

146 2617 198 2664 τότ’
210 2615 351 2674 ἐξωμόσαθί)
363 2614 393 2672 ἦν
403 2631 443 2674 γρ.
456 2612 485 2673 Q.
518 2612 607 2660 Voluit
617 2614 679 2673 puto
690 2612 809 2661 librarius
821 2614 858 2675 ἐφ’
867 2613 988 2663 deletum.
1022 2619 1088 2677 ἐξόμ-

146 2682 231 2728 νυσθαι
241 2679 390 2739 plerumque
402 2691 463 2724 sune
475 2679 646 2725 accusativum
656 2675 733 2724 hebet
741 2678 794 2737 ejus
804 2681 842 2726 rei
851 2693 925 2740 ουαυι
933 2682 989 2742 quic
998 2682 1087 2743 ejurat,

146 2757 180 2792 un
196 2745 250 2805 ej1cr
267 2757 341 2803 quam
357 2748 459 2789 excusat
475 2742 591 2801 ejurandi
608 2756 663 2800 οτρο
682 2742 721 2800 (ut
738 2743 914 2804 ἀπολογεῖσθαι
930 2743 980 2794 vid.
993 2749 1006 2805 ξ
1019 2747 1085 2808 105),

145 2821 238 2868 parum
253 2807 417 2867 perspectum
432 2804 522 2853 habeo.
557 2804 704 2865 ἐξωμόσαθ’
717 2805 742 2855 S.
776 2805 898 2856 Moxoc’
911 2809 1021 2859 αὐτοῦὸ.
1037 2811 1087 2859 ἄντ’

145 2871 272 2920 αὐτοῦτσί
288 2885 311 2918 0.

192 2886 288 2998 5139.g
309 2935 413 2997 χρήματ’
437 2933 501 2996 αὐτῷ
518 2935 602 2982 Bm.
620 2933 668 2984 Eo.
689 2933 780 2984 Turro.
799 2935 1013 2988 Dum—circs
1033 2940 1087 2999 (pro

144 3081 220 3129 Nom.
237 3095 264 3140 p.
282 3080 329 3130 997
348 3079 360 3136 ἓ
378 3079 409 3126 10
426 3079 508 3139 ὥσπερ
526 3079 594 3136 otc
674 3078 730 3126 380.
765 3080 845 3137 5138.
879 3081 956 3141 ᾤχετο
971 3085 1086 3144 πρεσβεύ-

144 3147 197 3194 wi.
232 3142 347 3203 Thucyd.
360 3157 394 3191 vr
407 3143 438 3190 18
452 3142 532 3204 ὥσπερ
552 3143 591 3190 καὶ
643 3142 685 3203 ων]
696 3141 835 3191 Aeschines
846 3145 969 3206 certainly
976 3150 1043 3196 went
1052 3162 1087 3196 on

145 3213 206 3258 ἄλλο
240 3210 472 3268 τι.-Δερκύλος
507 3206 590 3267 κ.τ.λ,]
641 3205 686 3253 the
704 3205 828 3267 embcssy,
845 3207 891 3255 but
909 3209 942 3257 he
958 3212 1088 3272 expressly

145 3273 254 3334 Gomp.§
264 3273 303 3329 67,
313 3272 459 3322 97.--καὶ
470 3273 536 3318 αὐτοὶ
545 3270 590 3331 ἐξ]
642 3268 728 3318 denies
740 3269 784 3317 the
795 3270 886 3330 charge
900 3273 927 3321 cf
939 3273 1035 3336 having
1046 3277 1086 3324 de·

144 3335 520 3399 “younotonlysympathised
528 3335 591 3382 with
641 3335 724 3382 erineo
750 3332 795 3381 the
822 3335 996 3386 commission.
1039 3339 1086 3388 See

143 3402 214 3450 them
227 3402 275 3450 but
291 3413 357 3448 were
373 3399 519 3460 yourselves
535 3399 590 3447 eleo
640 3401 653 3457 5
666 3397 698 3446 94
708 3410 733 3457 p.
747 3397 780 3445 40
792 3397 828 3448 St.
838 3401 920 3460 :270,
935 3402 982 3454 271
996 3402 1027 3452 R.
1047 3404 1090 3454 cv'x

143 3465 380 3520 inhewilderment‚
389 3463 439 3512 und
447 3476 511 3510 were
519 3477 590 3524 puss-
641 3461 1086 3531 ἐξωνοσάμην,ἅλλ’ὖπεσχ6μηνπρεσ·

142 3531 288 3591 ingcvote
304 3531 332 3576 to
346 3528 421 3587 bring
438 3526 510 3575 down
523 3527 590 3576 from
640 3529 735 3589 βεύσειν
757 3528 798 3574 ἐὰν
817 3526 839 3575 οἶ
859 3529 954 3578 δυνατός
957 3569 1014 3581 ......
1019 3536 1085 3584 δυνό-

142 3595 185 3644 the
191 3594 301 3644 interior
311 3606 376 3654 your
382 3591 458 3639 wives
469 3590 520 3639 und
529 3591 591 3639 chii·
640 3607 710 3646 μενος
716 3591 751 3650 τῷ
761 3593 881 3649 σώματι...
912 3592 1022 3658 ἀψευδεῖν
1029 3601 1086 3662 πρὸς

142 3660 229 3710 dren.”
258 3656 387 3706 Voemel's
397 3654 502 3716 reading
511 3655 535 3703 is
543 3657 590 3704 not
635 3654 774 3713 ’Δθηναιους
784 3657 849 3716 ᾤμην
860 3659 914 3706 δεῖν,

141 3725 284 3774 consistent
295 3719 361 3770 with
371 3719 454 3770 Greek
464 3733 548 3782 usage.
672 3719 752 3780 5139.
786 3723 841 3771 titos
855 3723 912 3786 πρὸς
922 3726 958 3787 τῷ
967 3728 1084 3790 λήμματι]
