2628 4194
361 245 422 310 DE
450 243 593 308 FALSA
621 241 884 308 LEGATIONE.
1051 239 1092 305 93

146 400 305 480 βήματος,
331 400 556 483 ἐνδεικνύμενος
578 404 642 468 τοῖς
663 397 826 483 πρέσβεσι
848 400 912 465 τοῖς
930 392 1020 479 παρὰ
1038 397 1095 459 τοῦ

147 501 324 566 Φιλίππου
346 507 495 589 παροῦσι,
525 500 667 571 πολλοὺς
693 499 754 584 ἔφη
780 498 852 567 τοῦς
880 497 1095 583 θορυβοῦντας

147 603 241 681 εἶναι,
259 603 385 686 ὀλθγους
407 603 442 669 δὲ
462 604 535 673 τοῦς
557 601 822 688 στρατευομένους
842 599 918 665 ὅταν
937 597 987 680 δέῃ
1007 595 1095 680 (μέμ-

146 704 252 783 νησθε
272 703 333 789 γὰρ
355 704 478 789 δήπου),
502 703 594 775 αὐτὸς
616 702 659 770 ὢν
684 702 772 785 οἶμαι
798 699 974 784 θαυμάσιος
995 724 1093 782 στρα

148 806 276 886 τιώτης,
293 805 316 868 ὦ
331 808 399 871 Ζεῦ.
718 891 722 898 Ι
1117 789 1179 922 ><

65 946 136 998 1²4
213 907 289 973 Ἔτι
313 911 425 987 τοίνυν,
453 908 481 972 εἰ
502 909 560 990 μὲν
581 906 700 990 μηδένα
720 904 818 989 μηδὲν
838 903 954 990 ἔχοντα
968 901 1095 989 εἴχομεν
1110 928 1165 982 114

149 1009 253 1092 δεῖξαι
277 1012 340 1075 τῶν
365 1009 541 1097 πρέσβεων,
569 1007 640 1090 μηδ’
666 1007 705 1088 ἦν
732 1004 807 1071 ὥστ’
840 1005 914 1070 ἰδεῖν
943 1002 1093 1082 ἅπαντας,

147 1112 315 1192 βασάνους
330 1113 384 1177 καὶ
398 1114 440 1179 τὰ
453 1111 572 1177 τοιαῦθ’
591 1109 768 1176 ὑπόλοιπον
786 1106 825 1173 ἂν
838 1107 877 1188 ήν
892 1110 1029 1172 σκοπεῖν.
1067 1104 1097 1172 εἶ

148 1332 268 1381 tamenta
281 1344 345 1390 quae
357 1329 444 1378 Godici
455 1330 551 1391 optimo
562 1345 615 1378 non
626 1332 714 1378 assuta
726 1332 794 1379 sunt.
827 1329 951 1377 Videlicet
964 1330 1094 1389 (μέμνησθε

148 1397 240 1457 δήπου)
253 1393 322 1444 αὐτὸς
333 1397 399 1452 οἶμαι
407 1398 535 1452 θαυμάσιος
546 1395 700 1456 στρατιώτης,
714 1396 733 1443 ὦ
745 1396 789 1442 Ζεῦ
798 1409 813 1442 a
822 1393 1002 1442 Demosthenis
1013 1409 1093 1442 manu

147 1461 265 1522 profecta
276 1460 337 1506 sant
347 1461 405 1520 (γὰρ
416 1461 440 1506 et
452 1460 485 1507 ὧν
494 1459 523 1507 in
532 1478 572 1523 γρ.
583 1459 619 1521 S.)
629 1461 762 1520 [μέμνησθε
767 1462 843 1518 δήπου
849 1457 934 1506 Vontt.
946 1458 1029 1505 ΒΗΚ.
1040 1460 1091 1519 st.].

149 1524 188 1572 Ut
201 1522 366 1579 ercamserta
378 1523 457 1584 pudet
468 1538 510 1572 me
521 1523 638 1583 pigetque
652 1523 770 1571 homines
787 1536 869 1583 neque
882 1521 998 1570 indoctos
1009 1537 1092 1582 neque

149 1603 166 1638 a
189 1602 217 1635 re
239 1586 333 1634 Critico
355 1586 520 1634 abhorrentes
536 1587 727 1648 putidissimam
749 1601 874 1648 quamque
898 1586 998 1634 Codicis
1015 1601 1091 1646 quem

149 1652 281 1713 optimum
299 1665 355 1698 ease
373 1651 463 1699 lubens
481 1651 563 1700 fateor
579 1651 714 1699 lectionem
732 1653 786 1700 tam
804 1650 912 1708 ἀμούσως
928 1651 996 1712 typis
1019 1665 1091 1698 excu-

149 1716 264 1764 dendum
275 1714 535 1776 permisisse—rat
549 1715 602 1778 οὐχὶ
614 1717 687 1764 τοῦτο’
704 1735 744 1764 τω
756 1716 905 1774 τηλικοῦτον,
922 1717 987 1764 ἀλλὰ
1004 1715 1089 1763 Vouu.

149 1780 198 1842 qui
208 1780 302 1828 Latine
318 1779 394 1827 vertit
417 1782 466 1828 “et
476 1795 529 1828 non
540 1780 589 1828 hoc
604 1780 658 1842 jam
676 1783 714 1828 est
731 1779 859 1828 tantum.''
891 1780 943 1827 Nec
954 1778 1090 1827 lectionem

149 1859 200 1892 nec
210 1843 353 1892 versionem
364 1835 485 1904 intelligo.
520 1844 594 1905 Supr.
615 1847 732 1893 συνειπεῖν
748 1860 786 1906 pr.
806 1844 941 1894 8.-τοῦ
961 1844 1030 1909 (ante
1049 1847 1089 1892 Φι-

150 1911 254 1970 λίππου)
267 1907 382 1956 additum
393 1922 424 1956 ex
434 1909 474 1955 ΑΙ.
486 1908 546 1957 S.Y.
554 1909 579 1956 k.
587 1923 606 1958 s.

201 1976 214 2033 5
233 1973 286 2022 124.
319 1975 363 2031 μὲν
374 1974 443 2032 (ante
454 1974 550 2033 μηδένα)
563 1988 613 2020 om.
626 1973 651 2022 S.
664 1973 714 2020 Eo.
730 1973 820 2022 Tusrc.
838 1973 922 2021 Vouu.
956 1971 1016 2020 Mox
1036 1987 1089 2021 am-

150 2036 216 2098 bigit
235 2037 344 2085 Sonans.
362 2036 488 2096 quomodo
505 2038 534 2097 ἦν
550 2037 755 2098 interpretemur.
790 2037 843 2087 “Si
863 2039 1033 2098 impersonale
1052 2039 1091 2085 est

152 2100 259 2162 (liceret)
273 2103 378 2162 apparet
391 2101 454 2149 ὥστε
464 2102 623 2150 abundanter
634 2117 690 2150 esse
709 2101 832 2150 additum.
868 2103 910 2152 Sic
928 2101 1005 2162 Soph.
1022 2101 1088 2151 Phil.

152 2167 201 2214 656
213 2165 251 2227 ἆρ’
264 2168 330 2214 ἐστιν
341 2165 404 2214 ὥστε
416 2167 536 2228 κάγγύθεν
553 2169 609 2215 θέαν
619 2169 714 2227 λαβεῖν;
732 2167 795 2214 Eur.
808 2166 887 2226 Hipp.
906 2167 952 2215 702
969 2165 1026 2214 ἀλλ’
1038 2165 1091 2215 ἔστι

152 2233 200 2279 κάκ
217 2230 286 2278 τῶνδ’
303 2231 366 2278 ὥστε
384 2233 495 2288 σωθῆναι,
512 2233 600 2280 τέκνον.
646 2231 717 2278 Haec
738 2229 925 2290 interpretandi
942 2229 1007 2277 ratio
1026 2245 1091 2278 num

151 2294 212 2342 aliis
230 2293 353 2354 probetur
373 2293 474 2354 ignoro:
498 2294 572 2351 mihi,
593 2303 622 2342 ut
643 2295 755 2356 poeticae
777 2295 910 2350 orationis,
933 2293 984 2340 nisi
1006 2293 1089 2351 fallor,

151 2359 264 2421 propria,
277 2373 369 2418 parum
380 2358 469 2418 placet.
505 2355 588 2419 Igitur
604 2359 637 2407 ad
656 2358 685 2419 ἦν
703 2374 733 2407 ex
750 2357 959 2406 antecedentibus
974 2360 1090 2418 repetam

153 2425 248 2484 ὀέχων,
259 2438 336 2483 oeque
354 2430 416 2470 caret
434 2423 569 2482 (internos
583 2423 747 2485 versaretur),
759 2429 787 2470 ut
804 2438 857 2470 eum
867 2437 935 2470 nemo
946 2437 995 2469 ηοιι
1012 2425 1090 2470 occulta

152 2495 246 2536 correct.
283 2486 416 2547 Sophoclis
438 2487 534 2537 Electr.
555 2489 618 2536 1454
637 2487 737 2550 πάρεστ’
759 2488 794 2548 ἄρ’
816 2487 877 2545 ἡμῖν,
897 2486 959 2534 ὥστε
978 2489 1091 2547 κάμφανῆ

151 2549 265 2610 μαθεῖν;”
287 2551 419 2599 Hactenus
433 2551 590 2600 Sohaeferus.
624 2551 751 2599 Posterior
762 2550 828 2598 ratio
838 2565 925 2598 vereor
933 2552 963 2598 ut
972 2551 1091 2610 cuiquam

152 2630 181 2663 se
197 2615 336 2676 probatura
347 2614 389 2663 sit.
423 2619 525 2678 πάρεστι
542 2617 570 2663 in
587 2617 636 2665 loc.
654 2617 748 2664 Electr.
760 2615 827 2663 valet
845 2614 911 2662 nihil
927 2614 998 2662 aliud
1013 2629 1091 2675 quom

152 2682 220 2728 ticet.
254 2678 362 2727 Videtur
374 2681 460 2727 autem
477 2680 618 2741 antiquitus
633 2681 695 2729 dore
708 2679 850 2728 necessario
866 2680 1041 2741 praepositum
1051 2679 1091 2727 in-

152 2744 271 2800 finitivis,
291 2742 357 2791 sicut
374 2746 491 2791 nostrum
505 2747 557 2807 for.
590 2745 650 2792 Mox
668 2743 800 2793 brevitatis
820 2758 886 2805 ergo,
904 2744 946 2791 cui
967 2743 1092 2805 posterior

152 2810 225 2857 aetas
247 2807 341 2864 studet,
361 2808 414 2855 lere
432 2809 556 2856 omissum
576 2811 655 2857 semel
674 2812 750 2869 atque
765 2808 860 2856 iterum
878 2809 1014 2856 retentum.
1050 2808 1092 2857 Sic

152 2872 268 2935 Thucyd.
281 2887 298 2922 1.
314 2875 345 2920 28
357 2874 443 2930 ἑτοῖμοι
456 2876 481 2922 δέ
493 2876 551 2922 εἶναι
562 2877 600 2923 καὶ
611 2876 672 2922 ὥστε
683 2875 829 2936 ἀμφοτέρους
839 2875 917 2933 μένειν
929 2875 991 2922 κατὰ
1001 2871 1091 2936 χώραν,

151 3072 191 3120 καὶ
219 3071 273 3130 οὐχί
296 3085 335 3116 τω
355 3070 425 3117 τοῦτο
454 3067 531 3132 (τοῦτό
559 3087 597 3116 τω
646 3082 720 3129 poses
728 3067 750 3116 it
759 3065 1092 3134 wascompossd,butnever

149 3136 178 3185 F.
194 3134 224 3182 Y.
238 3135 268 3182 0.
281 3148 306 3181 u.
317 3132 352 3190 τ.)
367 3135 447 3192 δεινόν,
465 3136 549 3194 καίτερ
569 3131 597 3180 ὃν
648 3133 752 3192 spoken.
783 3130 988 3180 SeeThirlw.v1.
1005 3131 1053 3179 cn.
1066 3132 1089 3180 2.

151 3196 397 3258 δεινόν.-μόνος]Ι
406 3199 500 3244 cannot
510 3211 596 3245 recon-
647 3198 766 3245 Grotexr.
775 3197 852 3245 59311.
860 3193 1017 3243 a—atrcs
1029 3195 1088 3245 ὢν...

150 3264 199 3312 cilo
210 3261 264 3310 this
276 3260 338 3308 with
348 3260 393 3309 the
412 3261 472 3317 fact,
488 3260 545 3308 that
559 3275 596 3308 we
647 3261 804 3320 στρατιώτης]
820 3259 908 3318 Comp.
930 3257 974 3305 the
993 3272 1091 3306 answsr

149 3328 216 3377 have
231 3341 247 3374 a
265 3324 357 3386 speech
373 3325 400 3372 of
411 3325 597 3373 Demosthenes
647 3325 674 3372 of
685 3324 831 3382 Aeschines,
841 3336 867 3384 p.
880 3323 919 3380 60,
927 3322 958 3370 51
971 3321 1090 3374 sa=329

150 3394 241 3441 extant
265 3390 306 3454 (dc
327 3391 402 3450 Pace)
425 3388 537 3437 wherein
563 3389 596 3437 he
646 3388 767 3435 -astrt

151 3457 253 3520 linceis
270 3453 409 3503 advocated
421 3453 466 3501 the
483 3453 595 3501 acknow-
679 3452 758 3511 5124.
782 3451 836 3509 μηδ’
848 3449 877 3509 ἦν
889 3449 990 3512 ὥστ’...]
1009 3450 1091 3501 “And

150 3520 297 3582 ledgement
308 3519 335 3565 ol
345 3517 452 3578 Philip’s
463 3517 520 3566 title
532 3517 596 3565 tobe
646 3515 667 3563 it
687 3529 738 3563 was
759 3517 806 3562 not
819 3516 861 3574 sor
876 3516 903 3562 to
920 3513 985 3562 see”
1001 3514 1030 3563 in
1047 3516 1089 3565 old

150 3586 292 3634 amember
303 3583 330 3630 of
345 3581 390 3630 the
402 3581 596 3642 Amphictyonio
648 3578 765 3639 English.
796 3579 842 3627 See
854 3580 946 3627 Aunot.
960 3579 1088 3629 eru.-

150 3650 259 3699 oouncil.
301 3646 434 3706 bibamus,
451 3646 480 3693 in
501 3645 543 3694 his
560 3660 597 3693 ar·
647 3644 769 3704 ἐδείκνυεν]
788 3643 845 3690 “he
856 3643 919 3691 used
935 3645 962 3690 to
981 3644 1090 3695 makes

148 3715 257 3778 gement
277 3713 305 3762 to
321 3710 379 3760 that
402 3710 516 3772 oration,
539 3725 597 3773 sup·
645 3707 718 3771 point
729 3708 756 3758 ol
767 3708 879 3770 shewing
888 3708 909 3757 it
921 3710 947 3757 to
958 3709 1034 3770 you.”
