2628 4194
357 215 419 278 DE
446 215 590 278 Feles
616 215 881 278 LEGATIONE.
1045 219 1088 279 45

147 366 267 452 παλσῖ),
282 367 358 432 ἀλλ’
372 366 409 433 οὗ
422 365 622 450 συγκαλέσαι
636 367 671 430 δὲ
684 367 755 436 reis
768 367 1008 452 Ἀμφικτύονας,
1023 369 1088 436 οὐδ’

148 472 298 557 ἐπισχεῖν
318 470 376 538 ἕως
396 468 437 534 ἂν
457 470 668 547 συλλεγῶσιν,
691 466 762 533 οὑδὲ
781 469 912 548 βοηθεῖν
931 471 1089 554 Πρόξειον

147 568 193 640 εἰς
207 569 345 645 Φωκέας,
361 568 424 634 οὐδ’
439 568 551 650 ἐξιέναι
566 566 762 648 Ἀθηναίους,
777 567 848 634 οὐδὲ
861 570 974 635 τοιοῦτ’
989 571 1085 638 οὐδέν.

147 669 252 735 καίτοι
272 670 327 734 καὶ
346 668 352 754 Ι
369 669 544 739 ἐπιστολὰς
566 669 714 755 ἔπεμψεν
732 669 749 732 ὁ
769 663 935 742 Φίλιππος
956 671 1010 738 δύο
1030 700 1086 738 κα·
1101 655 1137 715 5¹

146 769 268 839 λούσας
289 769 370 851 ὑμᾶς
392 769 454 860 οὐχ
480 770 516 834 ἵν’
543 770 700 852 ἐξέλθητε·
723 772 878 866 πώμαλσὶ
899 772 935 838 οὗ
959 775 1021 859 ’γὰρ
1046 775 1086 838 ἄν

1099 735 1161 798 357

195 953 260 1012 556.
294 951 349 1000 ἀλλ’
361 949 413 999 οὑδὲ
424 952 573 1011 συγκαλέσαι
584 953 637 999 τοὺς
649 951 686 998 Ἀ.
704 948 777 1009 iulg.
787 953 846 998 suto
857 951 948 998 Rrrss.
965 950 1010 1012 qui
1020 951 1085 1002 satis

146 1016 234 1076 inepto
255 1030 272 1064 a
292 1017 380 1077 paucis
398 1015 469 1062 libris
490 1018 538 1062 ἔδει
560 1013 667 1062 intersit.
714 1015 747 1060 At
769 1015 838 1061 euim
859 1015 896 1062 sit
917 1016 1085 1064 Summanus

150 1080 271 1128 “uli‘oe
272 1118 332 1129 ......
335 1083 360 1128 δὲ
371 1093 424 1126 ιιοιι
434 1078 542 1126 memini
560 1079 670 1138 legcre.”
702 1077 778 1124 Esto:
795 1091 884 1125 rerum
902 1077 940 1126 ita
956 1079 1085 1128 illustrato

146 1143 203 1192 loco
223 1147 336 1206 γέγραφε
367 1146 420 1191 “rt
441 1146 503 1203 ἱερὸν
527 1145 576 1190 τοῖς
603 1143 761 1199 ’Διιφιστὺοσι
784 1143 951 1202 παρσδσιῖναι,”
975 1146 1030 1192 ew
1059 1145 1086 1194 od

149 1212 165 1234 ‘⁴
174 1211 325 1271 συγκαλέσαι
339 1210 366 1256 δὲ
381 1210 435 1258 τοὺς
454 1208 511 1255 ‘h”
528 1205 589 1266 quid
606 1211 645 1253 est
663 1205 730 1265 quod
746 1204 869 1254 haereas?
901 1206 957 1257 vid
972 1207 1006 1256 ad
1021 1209 1084 1267 §dt
1187 1239 1192 1248 ·

146 1271 240 1319 Veram
247 1272 385 1319 lectionem
394 1271 511 1331 reposuit
518 1270 602 1317 Bura.
613 1284 644 1317 ex
656 1269 681 1316 S.
694 1284 714 1316 s.
724 1267 764 1316 ΑΙ.
793 1270 820 1317 οὐ
831 1269 907 1318 hebet
918 1271 997 1319 etiam
1008 1285 1044 1332 pr.
1057 1272 1081 1324 k.

145 1336 239 1383 —Mox
254 1338 373 1395 ἐξελθοιτε
393 1349 425 1382 ex
446 1333 512 1393 conj.
533 1334 617 1380 Brun.
641 1333 721 1380 Dum.
750 1333 799 1382 Eo.
826 1333 918 1382 Turre.
941 1334 1025 1382 Busa.
1049 1339 1082 1386 et.

146 1399 274 1459 Equidem
289 1400 442 1459 scripturam
453 1401 565 1458 ἐξελθητε
575 1412 652 1457 quam
662 1399 763 1457 praeter
777 1412 856 1444 οιιιιιρι
874 1397 950 1446 Godd
963 1398 1084 1459 praebent

145 1463 224 1510 etiam
232 1464 356 1523 Harpocr.
369 1465 404 1524 (et
416 1461 496 1524 Suid.)
508 1463 537 1509 in
549 1465 653 1518 πώμαλα
661 1466 687 1508 et
697 1460 751 1510 hl
767 1461 870 1520 Ulpian.
877 1462 993 1522 religioni
1004 1462 1083 1512 habui

144 1529 252 1576 mutare.
288 1527 345 1576 Vid.
366 1529 435 1585 557,
459 1529 473 1586 ξ
495 1528 534 1575 58.
569 1525 655 1572 Habet
674 1524 745 1572 enim
763 1531 826 1585 puto
839 1540 889 1585 quo
908 1541 935 1574 ss
954 1525 1082 1574 defendat.

145 1591 212 1638 Nam
230 1593 261 1638 ut
276 1593 432 1652 praeteream
446 1589 594 1650 hujusmodi
606 1590 676 1636 locos
688 1588 775 1648 quales
787 1603 804 1638 1.
818 1589 917 1649 Aphob.
934 1604 959 1650 p.
973 1591 1020 1638 834
1031 1591 1083 1650 §65

146 1657 326 1717 προσλαβόντες
337 1658 374 1702 tre
377 1692 434 1704 ......
437 1657 633 1716 ἐπιτροπεύσωσι,
641 1667 669 1701 11.
679 1651 777 1714 Aphob.
786 1668 810 1713 p.
819 1655 887 1714 8365
897 1655 910 1700 1
920 1651 962 1703 οὐκ
970 1657 1083 1716 ἐβούλετο

143 1721 292 1778 μισθωθῆναι
302 1721 340 1767 ἵνα
349 1721 383 1778 μὴ
394 1721 528 1778 κινδυνεύσῃ
547 1715 674 1779 (neutrubi
691 1716 752 1763 God.
765 1717 834 1764 ullus
851 1717 953 1778 praebet
970 1721 1082 1780 optatio.)

145 1783 246 1844 quoties
267 1783 337 1830 enim
354 1783 384 1830 iu
400 1784 536 1830 oratiorum
552 1789 645 1830 rectum
662 1780 747 1828 subito
764 1779 809 1828 fiat
825 1781 943 1840 mutatio,
963 1783 1082 1843 quisnam

143 1845 264 1906 ignorat?
282 1846 327 1894 sed
341 1849 371 1894 ut
387 1848 552 1906 praeteream,
576 1845 628 1892 elis
649 1858 692 1892 me
712 1844 778 1891 ratio
799 1845 911 1905 impulit.
945 1846 1082 1896 Verissime

143 1910 214 1958 enim
223 1911 389 1958 Hermsnnus
399 1909 432 1957 ad
442 1908 524 1969 Viget.
531 1925 558 1956 n.
566 1910 614 1957 350
626 1907 765 1968 “antiquos
772 1911 797 1956 et
806 1908 939 1970 diligentes
947 1909 1081 1972 scriptores

145 1974 288 2034 optativum
306 1973 480 2034 praesentibus
498 1974 611 2033 jungere,
633 1972 679 2019 ubi
697 1973 777 2026 finem
795 1972 910 2020 indicant
930 1973 999 2022 huno
1017 1989 1080 2032 esse,

145 2052 198 2085 non
215 2037 325 2098 utquid
343 2038 389 2085 fiat
406 2037 450 2084 sed
465 2039 494 2084 ut
516 2036 577 2097 quid
593 2035 673 2096 possit
692 2035 762 2083 fieri:
783 2036 890 2084 eundem
911 2036 1080 2087 diffemntiam

143 2101 300 2163 conjunctivi
307 2103 332 2150 et
343 2101 450 2162 optativi
460 2101 489 2148 in
498 2099 611 2148 oratione
621 2099 744 2148 historica
757 2100 835 2148 etiam
847 2101 904 2161 post
914 2101 1080 2162 praeteritum

174 2267 294 2328 357556.
327 2265 409 2314 “And
423 2267 466 2327 yet
481 2265 495 2313 I
512 2267 586 2326 grant
634 2268 819 2316 circumstances
839 2282 867 2316 os
882 2270 938 2317 well
965 2285 993 2318 cs
1015 2285 1079 2334 yocr

143 2331 230 2392 Philip
242 2333 299 2379 sent
306 2344 356 2392 you
367 2332 416 2378 two
427 2330 515 2378 letters
532 2329 584 2390 giv-
635 2331 831 2391 determination,
841 2331 891 2378 and
900 2332 1025 2382 therefore
1038 2337 1077 2384 tte

142 2396 185 2456 ing
195 2409 247 2456 you
266 2409 299 2443 an
316 2393 465 2451 invitatiom
482 2394 527 2440 not
543 2393 585 2440 de·
635 2395 761 2456 optative).
808 2395 854 2442 See
881 2396 1015 2446 Hermann
1042 2413 1077 2448 on

143 2460 245 2520 siguing
266 2459 323 2506 that
344 2472 395 2519 you
416 2456 509 2505 should
526 2457 585 2504 take
635 2456 716 2516 Viger,
728 2473 753 2506 n.
769 2458 824 2516 ³50,
842 2458 892 2506 and
903 2460 947 2508 the
958 2475 1076 2523 passages

142 2523 186 2570 the
197 2521 268 2570 field:
284 2521 468 2582 certainlynot;
487 2521 526 2567 ior
534 2521 585 2569 else
635 2520 727 2580 quoted
752 2521 781 2568 in
808 2522 926 2571 Amold’s
953 2528 1012 2572 note
1040 2541 1074 2576 on

145 2587 220 2636 ...but
227 2585 289 2633 with
297 2585 350 2632 this
357 2586 449 2642 intent,
457 2584 514 2632 that
525 2599 583 2646 you,
635 2583 745 2644 Thucyd.
760 2599 800 2632 111.
813 2587 850 2635 22.
887 2587 1004 2636 Arnold’s
1021 2604 1076 2640 own

142 2651 263 2712 iancying
273 2664 324 2710 you
336 2648 428 2697 should
439 2648 544 2696 sueceed
555 2649 583 2696 in
633 2647 689 2695 ides
698 2648 763 2710 (that
770 2649 991 2711 “thesubjuuctive
1001 2655 1075 2704 moed

140 2715 240 2775 getting
267 2713 303 2760 all
329 2727 379 2774 you
405 2712 500 2760 wished
535 2715 582 2767 ior,
633 2712 756 2760 indicates
768 2711 957 2764 thetmmediote
969 2717 1019 2765 end
1031 2717 1075 2768 the

140 2775 585 2890 uetustissimi
632 2777 1075 2894 tl‘tlltttfftlttlttlitt

140 2906 268 2954 Phocione
290 2904 373 2964 might
395 2906 442 2951 not
464 2904 583 2952 continue
633 2903 759 2966 principel
774 2907 842 2963 verb,
862 2907 906 2955 the
922 2908 1016 2956 second
1031 2909 1073 2957 be-

139 2973 167 3018 to
178 2969 272 3018 defend
287 2969 447 3026 themselves,
461 2983 508 3016 nor
523 2967 585 3016 hold
609 3015 610 3020 ,
633 2967 677 3028 ing
704 2983 720 3017 a
741 2983 910 3030 consequence
938 2986 1007 3032 upon
1030 2971 1073 3022 the

140 3035 194 3092 out,
218 3032 316 3093 buoyed
334 3047 369 3093 up
390 3033 424 3092 by
447 3046 510 3093 your
526 3047 582 3093 pro·
634 3032 842 3097 first”),edopted
854 3035 907 3082 aleo
918 3034 951 3096 by
962 3036 1072 3084 Doneld-

140 3099 235 3158 mises;
251 3097 297 3144 but
308 3096 391 3156 might
410 3097 439 3143 in
455 3099 523 3144 utter
542 3096 582 3144 de·
634 3110 688 3155 son,
721 3099 781 3145 Nero
817 3100 943 3162 θνατοῖσι,
972 3115 997 3160 p.
1027 3101 1073 3152 627

141 3162 210 3222 spair
232 3160 326 3208 deliver
352 3159 505 3208 themselves
526 3160 582 3208 into
635 3161 716 3220 5396,
728 3159 810 3208 would
821 3177 879 3222 very
888 3162 944 3210 well
956 3164 1007 3211 suit
1021 3164 1074 3212 this

140 3223 581 3286 hishands.'’uudnploryode·“that
632 3238 738 3286 passage
757 3225 784 3272 oi
802 3225 999 3275 Demosthenes:
1028 3227 1074 3278 but

140 3303 191 3348 you
214 3287 298 3348 might
324 3301 384 3348 pass
410 3301 443 3334 no
471 3287 580 3336 decree'¹
632 3288 755 3336 Icennot
776 3287 932 3336 understood
950 3303 983 3337 on
1005 3291 1074 3341 what

141 3354 231 3412 (which
248 3355 277 3400 he
298 3353 353 3399 took
366 3353 409 3414 sor
427 3353 539 3412 granted,
552 3354 581 3400 he
633 3350 817 3413 philosophical
835 3352 1029 3412 interpretation
1047 3357 1074 3406 ol

141 3417 289 3478 cousideutly
305 3417 426 3476 expected,
438 3414 580 3462 sndthere·
632 3415 676 3463 the
698 3419 787 3463 nature
807 3415 833 3463 oi
848 3415 892 3463 the
914 3417 962 3464 two
984 3419 1073 3468 moods

141 3481 194 3527 iore
206 3481 246 3528 the
258 3479 429 3541 conjunctive),
439 3482 454 3505 “
462 3478 513 3526 and
524 3479 581 3527 that
631 3479 684 3527 this
695 3477 843 3526 distinction
854 3478 970 3539 depende
1008 3482 1072 3532 Mat-

141 3543 186 3592 the
207 3543 334 3591 Phociaus
360 3542 443 3602 might
469 3543 581 3604 possibly
630 3541 709 3601 thiae,
734 3542 778 3590 Gr.
799 3543 843 3591 Gr.
865 3545 878 3603 5
897 3544 950 3606 518,
973 3545 1037 3609 eis,
1058 3548 1073 3597 I

141 3609 186 3655 not
196 3606 259 3655 hold
269 3608 314 3654 out
323 3605 337 3629 ”
350 3606 439 3670 (which
451 3621 501 3654 was
517 3622 581 3655 more
631 3605 713 3665 think,
726 3605 857 3667 decidedly
867 3614 1071 3668 wrong—roi-

142 3674 320 3732 coutioyeotae
331 3671 582 3732 dependingonother
630 3669 709 3735 μσλσ]
728 3669 774 3719 See
787 3672 877 3722 Auteot.
902 3673 965 3724 crit.
983 3675 1070 3738 σόθενς
