2628 4194
361 215 421 280 DE
449 215 591 280 FALSA
620 215 883 282 LEGATIONE.
1029 224 1090 288 101

145 375 208 442 καὶ
233 375 453 460 θορυβούντων
475 377 568 440 τινῶν
591 373 645 437 καὶ
668 372 858 440 κελευόντων
879 373 1020 455 βαδίζειν
1038 377 1094 444 ούκ

146 479 191 544 ἂν
218 477 298 564 ἔφην
323 477 487 543 ἀπελθεῖν
513 474 603 546 οὗτος
627 475 652 540 δ’
679 474 940 562 ἐκεχειροτόνητο.
986 478 1093 560 ἐπειδὴ

146 581 186 646 δὲ
210 579 326 660 ἀνέστη
343 580 424 660 μετὰ
442 578 531 646 ταῦθ’
552 577 571 658 ἡ
593 579 757 657 ἐκκλησία,
777 578 981 650 συνελθόντες
997 581 1090 660 ἐβου-

144 682 273 749 λεύουθ
293 682 381 749 οὗτοι
399 683 456 749 τίν’
477 683 572 749 αὐτοῦ
591 681 854 769 καταλείψουσιν.
891 683 938 750 ἐτι
952 684 1014 770 γὰρ
1029 691 1092 754 τῶν

145 785 349 872 πραγμάτων
363 785 462 857 ὄντων
471 785 635 871 μετεώρων
645 785 698 851 καὶ
709 789 765 851 τοῦ
776 783 950 867 μέλλοντος
961 785 1089 868 ἀδήλου,

146 887 308 971 σύλλογοι
322 888 376 952 καὶ
389 888 481 970 λόγοι
495 886 695 953 παντοδαποὶ
709 888 791 952 κατὰ
805 886 861 968 τὴν
875 886 993 970 σ’γοριὶν
1008 888 1091 971 ἐγόγ-

53 1037 119 1092 134
146 1016 241 1056 νοντο
266 989 348 1056 τότε·
391 991 566 1075 ἐφοβοῦντο
593 987 630 1071 δὴ
655 988 698 1071 μὴ
725 988 904 1073 σύγκλητος
933 990 1090 1069 ἐκκλησία

144 1091 271 1174 γένοιτο
292 1092 448 1176 ἐξαίφνης,
470 1089 539 1156 εἶτα
558 1089 748 1162 ἀκούσαντες
765 1117 851 1173 υμεις
872 1117 948 1172 εμον
962 1093 1087 1172 ταληθῆ

145 1190 358 1278 ψηφίσαισθέ
373 1217 405 1257 τι
420 1195 482 1257 τῶν
497 1190 628 1257 δεόντων
645 1190 724 1278 ύπέρ
743 1195 806 1257 τῶν
822 1191 966 1270 Φωκέων,
981 1191 1091 1258 καὶτὰ

144 1294 311 1380 πράγματ’
329 1293 459 1379 ἐκφύγοι
473 1293 527 1359 τόν
541 1294 718 1360 Φιλιππου.
755 1292 784 1358 εἰ
800 1293 862 1378 γὰρ
879 1293 1089 1379 ἐψηφίσασθε
1105 1317 1160 1374 123

144 1394 244 1476 μόνον
264 1394 268 1482 Ι
287 1396 341 1460 καὶ
360 1395 475 1481 μικρὰν
492 1392 665 1480 ὑπεφήνατ’
681 1393 799 1459 ἐλπίδα
818 1393 960 1475 ἡντινοῦν
974 1392 1087 1474 αὐτοῖς,
1103 1406 1165 1474 379

146 1496 318 1577 ἐσώθησαν
340 1497 390 1562 ἄν.
427 1494 461 1562 ού
483 1495 545 1582 γὰρ
568 1497 639 1577 ἐνῆν
660 1495 716 1561 ούκ
737 1497 808 1577 ἐνῆν
826 1495 869 1578 μὴ
884 1523 1088 1583 παρακρουσ-

54 1642 67 1679 ,
73 1641 92 1696 3
98 1637 116 1698 5
147 1600 266 1666 θέντων
280 1599 366 1682 ὑμῶν
378 1604 482 1682 μεῖναι
500 1601 669 1685 Φιλίππῳ·
692 1599 763 1665 ούτε
782 1599 844 1686 γὰρ
861 1604 951 1672 σῖτος
969 1602 1040 1683 ἐνῆν
1054 1604 1089 1668 ἐν

145 1709 187 1788 τῇ
207 1703 307 1791 χώρᾳ,
328 1701 462 1790 ἀσπόρῳ
486 1702 538 1768 διὰ
561 1702 615 1768 τόν
636 1701 778 1784 πόλεμον
798 1704 956 1792 γεγονυίᾳ,
980 1703 1044 1770 οὔθ
1065 1704 1086 1787 ἦ

145 1805 351 1888 σιτοπομπία
383 1804 498 1887 δυνατὴ
535 1802 672 1892 τριήρων
703 1804 806 1871 ούσῶν
839 1806 995 1893 ύμετέρων
1025 1808 1090 1874 ἐκεῖ

144 1909 201 1975 καὶ
231 1912 286 1991 τῆς
310 1908 470 1989 θαλάττης
493 1911 684 1996 κρατουσῶν,
708 1908 802 1975 αἵτε
830 1909 939 1980 πόλεις
963 1912 1088 1976 πολλοὶ

144 2011 201 2076 καὶ
226 2011 371 2098 χαλεπαὶ
393 2013 508 2090 λαβεῖν
534 2009 569 2075 αί
590 2013 652 2076 τῶν
679 2010 821 2089 Φωκέων,
847 2012 891 2094 μὴ
918 2010 954 2076 ού
983 2011 1087 2100 χρόνῳ

193 2197 207 2254 ς
225 2193 282 2242 134.
313 2197 413 2258 γενηται
434 2194 459 2242 n.
472 2208 494 2245 κ.
505 2193 550 2247 n1.
586 2197 726 2259 enecone
746 2195 776 2246 Y.
795 2195 825 2257 o.
849 2161 998 2260 ψηφισέαιε
1013 2196 1042 2244 n.
1054 2197 1085 2244 Β.

144 2273 290 2373 ψηφίσόσθε
308 2310 338 2358 Ο.
374 2311 510 2372 ψηφίσεσθε
531 2309 614 2361 k.r.s.
642 2312 834 2374 ἐπιφηφίσαισθε
851 2314 894 2360 am.
927 2310 963 2374 (ei
979 2309 1083 2374 Rnisx.)

370 2388 383 2414 v

142 2427 240 2486 ἐκφύγῃ
248 2425 289 2476 3¹⁶.
306 2427 418 2486 ἐκφεύγοι
426 2422 457 2472 Y.
482 2423 596 2486 ἐκφεύγοι
606 2424 630 2475 S.
646 2426 681 2485 (ei
692 2424 739 2473 En.
753 2424 958 2486 TUB10.VonM.).
983 2426 1085 2485 γένηται

143 2491 289 2552 ψηφίσησθε
299 2492 325 2536 et
335 2488 430 2551 ἐκφύγῃ
440 2487 510 2536 haud
520 2491 615 2538 temere
623 2488 798 2547 cotemnenda,
807 2488 929 2549 quoniam
940 2491 998 2550 poet
1008 2489 1085 2538 verbe

142 2555 270 2601 metuendi
287 2553 406 2614 usurpari
422 2553 486 2600 solet
507 2554 795 2614 conuenienter-oon
814 2556 869 2613 ἐνῆν
885 2552 913 2601 in
927 2571 967 2616 γρ.
987 2553 1012 2603 S.
1030 2567 1080 2603 om.

141 2618 194 2666 Ευ.
207 2617 441 2678 Τυανα--μεῖναι
455 2635 479 2665 τι
493 2619 520 2666 Φ.
542 2618 572 2667 F.
581 2619 611 2666 Y.
620 2618 649 2679 Q.
661 2619 692 2666 O.
702 2632 723 2666 r.
735 2619 754 2666 t.
762 2633 788 2666 u.
795 2632 820 2666 v.
838 2617 905 2679 quod
922 2621 969 2674 est,
985 2617 1083 2679 opinor,

141 2703 222 2775 μεῖναι
234 2687 303 2761 ire}
319 2713 354 2751 ee.
370 2703 428 2761 poet
440 2717 464 2749 αι
479 2699 583 2748 omisso.
616 2701 692 2759 μεῖναι
711 2700 746 2748 ἐτι
764 2698 856 2747 Βνιεκ.
874 2698 942 2760 quod
960 2713 1013 2746 non
1033 2699 1082 2748 die·

140 2767 279 2890 Phogtiffi.
307 2827 337 2889 ἧν
348 2828 411 2878 S.Y.
422 2828 447 2876 k.
457 2827 498 2877 Al.
505 2828 535 2876 B.
544 2827 627 2876 Bnnn
639 2797 675 2890 [ei
687 2828 730 2889 ελ]
741 2827 790 2877 En.
807 2826 897 2878 Temo.
907 2827 984 2877 Dino.
995 2827 1081 2876 Vonn.

143 2892 331 2955 Qnidinvulg.
343 2893 484 2955 displicent,
495 2907 538 2941 me
551 2892 625 2952 fugit.
659 2891 719 2940 Mox
731 2891 828 2941 δύναται
841 2892 867 2942 S.
896 2892 996 2954 τριηρῶν
1013 2892 1043 2940 F.
1055 2891 1081 2941 S.

143 3077 219 3113 sense
242 3062 269 3111 of
284 3061 329 3110 the
351 3058 420 3109 word
436 3071 477 3107 see
493 3071 519 3118 p.
538 3056 586 3106 396
635 3054 732 3104 behind
743 3069 777 3102 on
789 3053 832 3102 the
842 3052 923 3114 epob‚''
934 3054 960 3100 et
971 3051 1076 3111 Athens,

141 3123 492 3188 5194.--’ἐκεχειροτόνητο]
516 3121 586 3169 “Ι)ε-
635 3120 683 3168 viz.
707 3121 735 3166 to
752 3120 900 3166 couniereot
919 3131 968 3176 nny
986 3115 1078 3163 adven-

141 3191 294 3253 laetaniam
313 3191 411 3238 fueret:
427 3188 469 3236 vel
495 3199 586 3247 pessus
635 3180 787 3245 ingewhioh
799 3179 984 3254 Demoeihenee
998 3178 1080 3252 inight

141 3257 228 3306 fuerat
240 3269 266 3312 ee
277 3253 407 3315 deligi,nil
417 3251 585 3305 reeueeveret,
634 3249 695 3297 take
709 3248 736 3295 oi
752 3246 824 3295 them
844 3245 937 3304 during
954 3243 1021 3290 then·
1036 3242 1079 3291 ab·

142 3320 281 3382 quominus
303 3318 462 3379 deligeretur.
498 3313 587 3364 Senior
635 3326 718 3362 senoe.

141 3385 213 3434 enim
221 3383 361 3433 Aeschines
370 3383 468 3430 oratore
476 3377 585 3426 noetr0”
668 3374 753 3437 5134.
789 3375 924 3434 σύγκλητος
952 3372 1079 3433 ἐκκλησία]

140 3451 234 3499 Rnisx.
268 3449 344 3497 Iam
361 3447 407 3494 not
426 3457 484 3493 sure
498 3441 586 3490 theti
635 3440 676 3488 An
702 3437 892 3498 extraordinery
914 3435 1041 3510 assemblg
1059 3437 1078 3498 )(

139 3511 302 3564 understand
313 3511 373 3572 ¹thie
391 3511 460 3557 note.
493 3507 586 3555 Trans·
636 3508 712 3564 criptae
731 3503 862 3560 ἐκκλησίαι.
898 3501 938 3548 On
949 3499 999 3548 ohe
1016 3499 1079 3549 dlffi·

139 3579 204 3628 lete:
230 3583 246 3606 “
254 3574 386 3626 remeined
402 3571 588 3622 elected.''—-
636 3569 706 3628 eulty
716 3565 859 3628 respecting
867 3564 912 3613 the
923 3565 1001 3614 lether
1011 3566 1078 3614 term

140 3642 184 3692 τίν’
194 3638 454 3752 οὖτοϋκαταλεφφρυσι]
468 3633 587 3683 “Whioh
636 3647 678 3683 see
690 3631 850 3682 Sohoemenn
860 3628 891 3678 de
902 3628 994 3710 Gemit.
1010 3643 1027 3677 1.
1041 3631 1062 3678 1.

141 3709 178 3773 (oi
187 3705 354 3767 themselves)
397 3699 586 3765 eyshnllleave
668 3697 724 3750 379.
748 3699 762 3758 ἕ
788 3696 842 3746 135.
877 3696 912 3757 μη
939 3713 966 3744 ου
989 3689 1080 3757 χρόνῳ]
