2640 4194
245 261 286 320 18
552 255 872 322 DEMOSTHENIS

243 418 393 494 κλησιῶν,
412 414 445 479 ἐν
466 412 515 483 αῖς
536 412 610 498 περὶ
624 415 680 492 τῆς
694 410 815 497 εἰρήνης
830 409 1045 490 ἐβουλεύεσθε,
1062 408 1179 496 ἤρξατο

243 513 353 601 ἀρχήν,
364 513 401 595 ἣν
412 514 472 595 tvo}
484 513 538 579 καὶ
549 519 613 583 τοῖς
626 513 765 599 ῥήμασιν
776 511 863 594 οἶμαι
871 516 936 581 τοῖς
947 510 1051 581 αὐτοῖς
1064 510 1179 596 οἷσπερ

167 620 230 717 &ff
243 611 331 680 οὗτος
345 609 432 676 εἶπεν
440 612 473 675 ἐν
483 611 555 693 ὑμῖν
566 609 860 708 ἀπομνημονεύσειν.
892 619 909 643 “
919 609 946 674 εἰ
955 609 1039 674 πάνυ
1052 605 1156 673 πολύν
1161 607 1178 630 ”
1196 628 1229 685 15

154 722 228 775 occ)
244 715 305 801 ἔφη
322 725 340 749 ‘⁴
348 715 462 805 χρόνον
477 715 606 780 ἐσκόπει
621 714 832 801 Φιλοκράτης,
847 713 870 776 ὦ
886 713 992 800 ἄνδρες
1006 712 1177 790 Ἀθηναῖοι,

241 820 309 886 πῶς
330 816 368 882 ἂν
390 817 508 902 ἄριστα
529 816 727 896 ἐναντιωθείη
750 819 788 898 τῇ
810 815 923 902 εἰρήνῃ,
946 815 1002 880 οὐκ
1024 812 1064 878 ἂν
1086 812 1180 878 αὐτὸν

242 918 369 1002 ἄμεινον
398 918 496 1003 εὑρεῖν
524 918 611 1001 οἶμαι
638 917 658 998 ή
688 923 819 983 τοιαῦτα
843 915 1013 1005 ηράφοντα.
1059 915 1120 997 eft
1145 915 1180 981 δὲ

242 1021 359 1101 ταύτην
372 1021 431 1103 μὲν
444 1020 502 1102 τήν
516 1019 646 1105 εἰρήνην,
657 1019 712 1090 ἕως
727 1021 767 1085 ἂν
781 1019 825 1090 εῖς
838 1020 1013 1100 Ἀθηναίων
1020 1017 1179 1098 λείπηται,

242 1121 384 1188 οόδέποτ’
414 1122 452 1187 ἂν
476 1120 755 1204 συμβουλεύσαιμι
778 1122 977 1202 ποιήσασθαι
1006 1124 1045 1204 τῇ
1075 1119 1178 1199 πόλει,

242 1224 365 1310 εἰρήνην
393 1225 500 1306 μέντοι
524 1223 605 1309 φημὶ
629 1223 692 1288 δεῖν
713 1222 900 1289 ποιεῖσθαι.”
943 1222 998 1288 καὶ
1022 1224 1180 1292 τοιούτους

195 1344 226 1402 15
243 1326 329 1394 τινός
351 1323 419 1389 εῖπε
439 1327 574 1410 βραχεῖς
596 1324 649 1388 καὶ
670 1324 812 1411 μετρίους
832 1323 956 1406 λόγους.
1001 1322 1017 1387 ὁ
1039 1323 1072 1388 δὲ
1092 1321 1179 1389 ταῦτ’
1197 1334 1233 1388 16

242 1424 337 1505 εἰπεῖν
358 1429 397 1509 τῇ
419 1426 593 1512 προτεραίᾳ
612 1424 740 1490 πάντων
761 1425 935 1491 ἀκουόντων
956 1423 1049 1506 ὑμῶν,
1065 1423 1109 1493 εἰς
1123 1423 1182 1504 τήν

242 1529 419 1617 ὑστεραίαν,
443 1531 476 1596 ἐν
493 1529 512 1614 ᾖ
532 1529 590 1609 τήν
609 1528 731 1612 εἰρήνην
754 1528 816 1594 ἔδει
836 1525 1016 1614 κυροῦσθαι,
1042 1520 1182 1612 ἐμοῦτῷ

241 1693 397 1754 reposuerim
407 1713 438 1755 τη
448 1695 577 1756 προτεραίᾳ
588 1696 702 1755 ἐκκλησίᾳ
715 1695 828 1759 (προτέρᾳ
840 1696 956 1755 ἐκκλησίᾳ
966 1693 1008 1758 affl)
1021 1694 1044 1742 si
1054 1707 1107 1743 ver.
1119 1694 1179 1743 lect.

242 1761 268 1805 ἐν
286 1757 301 1817 ᾖ
318 1756 396 1805 codd.
414 1757 495 1805 bonae
512 1759 588 1805 notae
606 1758 771 1818 praeberent:
787 1761 819 1820 τῇ
837 1763 965 1820 προτεραίᾳ
979 1763 1025 1807 τῶν
1043 1761 1091 1807 ἐκκ.
1109 1757 1181 1807 haud

242 1820 315 1869 item:
333 1835 410 1880 quem
420 1822 555 1869 lectionem
570 1821 638 1869 aliud
653 1821 714 1882 quid
729 1836 818 1870 sonere
832 1822 883 1870 nisi
898 1822 1005 1884 “pridie
1020 1836 1096 1882 quam
1114 1821 1180 1874 duce

242 1885 377 1932 conciones
387 1883 566 1941 haberentur,”
578 1885 621 1933 vix
632 1885 716 1934 ausim
727 1885 817 1935 dicore.
851 1886 882 1935 Id
896 1901 955 1936 vero
968 1885 1046 1948 hujus
1060 1884 1110 1934 looi
1125 1899 1179 1934 non

243 1951 290 1996 est.
324 1949 442 1997 Ceterum
452 1948 571 2007 vid.nd§
584 1950 621 1999 16.

290 2012 352 2071 §le
386 2013 416 2060 civ
426 2014 483 2074 post
494 2016 544 2062 πῶς
555 2027 604 2062 om.
616 2028 654 2074 pr.
668 2013 693 2062 S.
706 2014 774 2074 quod
788 2016 855 2062 recte
870 2027 896 2062 se
910 2013 988 2063 hsbot
1003 2012 1068 2062 siin
1082 2014 1180 2063 directo

243 2079 354 2187 ovrgltione
376 2079 426 2126 πῶς
448 2077 578 2125 ἐναντιωθῶ
599 2078 729 2138 cogitetur.
763 2079 881 2127 Ceterum
903 2081 953 2129 πῶς
973 2078 1077 2127 nonnisi
1099 2077 1125 2128 S.
1147 2078 1178 2140 Q.

294 2154 318 2199 g.
330 2143 401 2190 ὅπως.

290 2204 354 2264 616.
387 2222 500 2268 πρότεραι
511 2204 566 2268 (sio)
578 2204 604 2255 S.
617 2207 777 2269 [“τροτεραίᾳ
795 2219 810 2254 a
827 2220 862 2254 m.
878 2206 1057 2268 tert.'’D1rr1>.]
1072 2207 1097 2255 et
1114 2206 1179 2268 Aug.

241 2373 377 2435 rendering
386 2374 495 2422 “concio
503 2388 567 2435 quoe
578 2374 688 2422 crastino
734 2375 853 2433 56:403,
866 2374 917 2423 end
927 2379 940 2436 ς
952 2375 983 2427 67
995 2391 1019 2435 p.
1034 2375 1064 2424 61
1073 2375 1156 2426 :cet

243 2439 284 2486 die
302 2438 435 2486 habetare*
468 2439 509 2486 He
532 2438 612 2486 shows
629 2438 688 2486 that
768 2439 832 2498 515.
856 2443 944 2498 ταύτην
955 2443 998 2498 τὴν
1009 2441 1064 2500 elo]
1091 2439 1180 2488 “This

243 2502 287 2552 the
298 2504 346 2550 tvo
358 2502 504 2550 assentires
515 2507 578 2550 were
586 2502 687 2551 heldon
734 2516 818 2563 pecco,
842 2503 896 2551 thie
916 2503 1000 2552 which
1021 2503 1178 2552 Philocrates

243 2565 402 2615 consecutive
413 2565 482 2626 days.
510 2565 577 2627 Why
587 2565 688 2625 thenit
735 2566 842 2625 advises,
857 2567 920 2615 such
935 2581 950 2615 α
964 2581 1041 2628 pesce
1056 2581 1084 2615 ss
1099 2566 1159 2616 this.
1165 2567 1179 2591 '‘

243 2630 288 2678 the
299 2631 376 2678 Gourt
390 2629 413 2676 is
427 2629 559 2678 remindcd
575 2629 601 2676 oi
618 2628 687 2677 “the
735 2633 778 2689 τὴν
796 2634 907 2691 τοιαύτην
927 2631 1009 2691 might
1030 2630 1095 2679 heve
1114 2631 1179 2679 been

243 2693 338 2741 former
349 2693 375 2740 ot
385 2696 433 2740 two
445 2692 618 2752 assemblics‚'’
627 2706 687 2752 may
734 2694 798 2741 used
807 2694 868 2741 with
878 2709 938 2755 very
953 2695 1030 2755 slight
1045 2693 1180 2743 differenoe

243 2757 288 2804 the
306 2757 384 2804 Oourt
401 2758 447 2803 not
466 2756 496 2803 bo
513 2755 644 2804 reminded
661 2755 687 2802 oi
735 2757 762 2805 of
779 2757 904 2817 meaning.
940 2757 990 2805 For
1011 2758 1063 2805 this
1085 2771 1131 2805 use
1153 2759 1180 2807 of

245 2819 314 2868 “the
341 2819 468 2879 assembly
494 2819 555 2867 held
581 2833 615 2866 on
642 2819 687 2867 the
735 2821 801 2869 οὗτος
820 2836 900 2882 comp.
919 2822 1036 2870 Dem.de
1051 2821 1178 2883 Coronp.

243 2886 338 2933 former
364 2884 391 2931 oi
417 2882 461 2931 the
485 2884 534 2930 tvo
556 2882 688 2944 dnys’'?-
736 2885 875 2945 285ς173,
895 2900 919 2946 p.
934 2887 982 2934 320
998 2889 1011 2945 ξ
1027 2887 1074 2933 282
1087 2885 1180 2944 (where

245 2949 465 3006 ἀπομνημονεύσειν
482 2947 584 3007 usually
598 2946 627 2994 in
643 2946 688 2995 the
736 2963 805 2997 some
823 2949 897 2998 MSS.
913 2949 973 2998 read
989 2948 1110 3012 τοιοῦτος).
1145 2949 1180 2999 So

244 3011 352 3061 senseoi
363 3010 688 3070 “rememberingsgrudge
734 3012 900 3062 risisueedas
909 3016 981 3063 ποῖος.
999 3013 1179 3074 Soph.'1¹raoh.

243 3076 345 3137 against
355 3075 429 3124 one.’'
462 3074 495 3124 So
511 3072 628 3122 Aeschin.
647 3075 688 3121 Ti·
735 3077 790 3136 307,
808 3077 880 3124 Dem.
896 3077 1044 3126 Pantaenet.
1059 3092 1084 3138 p.
1101 3078 1148 3126 982
1168 3081 1181 3138 §

243 3139 339 3189 merch.
353 3141 366 3199 g
380 3138 425 3185 111
436 3152 462 3199 p.
475 3139 504 3188 15
521 3137 639 3186 St.=129
655 3139 686 3186 R.
735 3140 767 3187 54
778 3142 836 3200 λέγε
848 3143 876 3199 δή
886 3160 926 3200 μοι
936 3145 979 3191 τὰς
988 3144 1123 3204 μαρτυρίας,
1136 3145 1182 3192 τίς

245 3203 296 3252 and
307 3203 338 3251 de
350 3203 440 3251 Geron.
454 3205 467 3261 ξ
479 3203 527 3249 208
538 3215 563 3262 p.
576 3203 606 3250 83
618 3201 682 3250 et:
736 3204 1025 3265 ἐγὼ...α”νθρωπος...εἰμί.
1044 3209 1180 3257 Τοιοῦτος

245 3269 292 3316 600
321 3268 352 3315 B.
391 3265 495 3315 Aristot.
521 3265 574 3314 Nic.
599 3265 683 3315 Ethio.
738 3269 822 3328 ...ἐηύ
837 3272 906 3317 κτλ.
922 3269 1181 3320 andadv.Boeot.de

246 3345 281 3380 ῃ,
300 3333 323 3388 8,
352 3332 403 3378 :3
426 3331 488 3390 §³0
513 3343 570 3390 says
593 3330 620 3376 oi
643 3329 689 3378 the
734 3331 835 3380 Nomin.
849 3346 874 3392 p.
888 3333 1014 3392 1002525
1032 3337 1067 3384 τίς
1081 3333 1110 3394 ἦν
1122 3352 1180 3395 χρη-

247 3396 415 3454 high-mindae
431 3407 500 3442 men:
519 3396 572 3442 οὐδὲ
589 3396 686 3454 μνησί·
735 3398 851 3454 ματιστής
862 3395 874 3443 6
886 3399 974 3458 πατήρ,
988 3399 1075 3446 “what
1088 3407 1139 3447 sort
1153 3401 1184 3462 of

245 3521 500 3580 ἀπομνημονεύειν,
513 3524 591 3596 ἄλλως
606 3540 633 3596 τε
649 3523 689 3570 καί
736 3522 768 3582 τῇ
784 3523 853 3571 πόλει
869 3537 911 3574 ere
929 3525 955 3572 to
972 3525 1003 3571 be
1019 3525 1182 3585 joined.—

156 3667 158 3674 .
245 3583 689 3710 καύιςικκκηηι
736 3586 855 3700 titt?
874 3589 1180 3712 ικιηιικιν

245 3725 328 3773 comp.
339 3709 430 3761 Aesch.
442 3709 473 3760 de
488 3709 579 3759 (toron.
591 3715 604 3772 fl
617 3712 646 3762 16
661 3684 686 3772 1⁸).
753 3667 832 3772 ρ816.
845 3684 850 3698 ⁸
868 3714 902 3775 τῷ
917 3717 964 3764 cciv
980 3689 1110 3778 όυμμύχων
1126 3689 1181 3781 δύη·

1285 3921 1298 4177 ί

245 3473 342 3508 naxos·
360 3460 386 3506 ού
401 3457 451 3520 γὰρ
461 3451 633 3520 μεγαλοψύχου
656 3461 687 3506 τὸ
737 3473 771 3506 cn
789 3461 1181 3522 ιοοηοιαίςι.”-συμβονλείσαιμι
