2628 4194
233 217 276 287 74
453 227 456 234 ’
543 221 863 288 DEMOSTHENIS

232 374 289 456 τὴν
303 375 422 464 ἔχθραν
435 377 493 460 τὴν
506 374 585 463 πρὸς
601 376 764 456 Θηβαίους
777 375 879 459 μείζω,
895 376 1052 463 Φιλίππῳ
1067 377 1101 442 δὲ
1116 377 1177 460 τὴν

230 476 328 565 χάριν
350 478 528 559 πεποίηκεν.
577 481 645 548 πῶς
670 475 710 542 ἂν
738 476 792 544 οὖν
823 477 1090 566 ὑβριστικώτερον
1118 481 1176 548 ἄν·

179 655 181 664 !
233 579 359 664 θρωπος
373 579 446 662 ὑμῖν
461 578 639 666 ἐχρήσατο;

181 686 219 742 86
294 684 378 764 Λέηε
391 681 429 762 δὴ
445 681 482 747 τὸ
500 681 660 768 ψήφισμα
673 683 786 759 λαβὼν
800 682 836 747 τὸ
850 686 906 749 τοῦ
921 682 1103 770 Διοφάντου
1117 684 1173 750 καὶ
1189 715 1230 774 97

231 780 337 847 τὸτοῦ
353 784 602 862 Καλλισθένους,
620 781 656 847 ἵν’
672 781 773 864 εἰδῆτε
790 782 848 858 ὅτι,
870 781 922 849 ὅτε
938 783 996 864 μὲν
1014 785 1055 849 τὰ
1074 785 1174 853 δέοντ’

230 885 372 963 ἐποιεῖτε,
396 887 512 952 θυσιῶν
533 886 586 950 καὶ
608 884 743 951 ἐπαίνων
763 885 911 968 ἠξιοῦσθε
928 885 1003 974 παρ’
1023 887 1096 970 ὑμῖν
1117 891 1173 957 αὖ·

231 993 295 1058 τοῖς
310 988 363 1052 καὶ
377 987 465 1073 παρά
479 994 544 1058 τοῖς
559 988 680 1068 ἅλλοις,
698 988 804 1068 ἐπειδὴ
820 987 845 1053 δ’
860 987 922 1054 ὑπὸ
941 989 1059 1056 τούτων
1073 1019 1172 1079 παρε-

230 1088 412 1174 κροάσθητε,
433 1090 548 1161 παῖδας
569 1090 621 1156 καὶ
645 1095 794 1173 ιγυναῖκας
814 1092 850 1156 ἐκ
869 1095 930 1156 τῶν
952 1090 1057 1176 αἰγρῶν
1080 1120 1172 1160 κατε-

228 1189 394 1282 κομίζεσθε
419 1192 472 1257 καὶ
493 1191 535 1256 τὰ
555 1189 731 1276 Ἡράκλειοι
751 1192 834 1262 ἐντὸς
852 1197 974 1280 τείχους
989 1193 1072 1260 θύειν
1087 1195 1172 1281 ἔψη,

229 1343 289 1391 Mox
298 1345 366 1405 vulg.
377 1346 437 1394 ente
448 1343 591 1392 Bekkerum
604 1345 664 1404 θπερ
677 1340 803 1404 προῄρητο.
838 1342 888 1392 Sed
899 1341 917 1391 ἅ
927 1345 1041 1404 πεποίηκε
1050 1343 1090 1394 A¹.
1106 1343 1131 1394 S.
1142 1345 1169 1394 k.

230 1408 292 1470 άπερ
303 1412 419 1467 τετοίηκε
430 1423 449 1458 s.
484 1410 533 1458 Pro
545 1410 666 1470 ἅνθρωπος
683 1409 780 1458 mavult
793 1407 915 1470 ἅνθρωπος
927 1407 1035 1456 θεων.
1068 1408 1107 1457 De
1119 1409 1171 1464 hoo

230 1472 291 1520 alibi
303 1473 417 1521 dicturus
429 1487 494 1521 sum.

263 1539 276 1596 5
289 1537 328 1588 97.
362 1537 447 1585 Cobet.
461 1537 523 1584 Nov.
536 1536 604 1586 Leet.
619 1550 643 1596 p.
659 1537 706 1584 383
718 1538 742 1584 et
754 1535 797 1584 hie
809 1537 834 1584 et
845 1535 876 1584 de
888 1535 977 1585 Ooron.
992 1549 1017 1597 p.
1033 1537 1080 1584 300
1093 1539 1106 1596 5
1119 1538 1169 1588 21⁷

229 1614 275 1660 pro
286 1603 389 1650 ἐπαίνων
399 1601 453 1648 vult
464 1603 575 1658 παιάνων,
592 1605 608 1628 “
619 1602 691 1648 aeute
707 1601 736 1647 ut
754 1600 817 1648 solet
833 1601 857 1648 et
875 1600 980 1660 pulere”
1002 1600 1087 1711 {erbe
1105 1604 1168 1650 sunt

229 1663 372 1727 Voemelii).
409 1664 481 1724 Quod
492 1663 799 1712 edditvirdoetissimus:
820 1663 912 1711 “nihil
922 1663 992 1711 aliud
1028 1678 1072 1712 aee
1090 1664 1168 1714 verbs

230 1727 371 1788 significare
392 1731 501 1788 possunt
521 1742 598 1788 quem
617 1731 743 1788 ἐπῃνεῖσθε
762 1731 801 1776 καί
822 1731 887 1776 αὐτοὶ
910 1729 950 1789 ὑφ’
968 1729 1045 1777 αὐτῶν
1063 1732 1102 1778 καί
1119 1730 1168 1782 ὑπὸ

228 1794 276 1838 τών
289 1795 377 1848 ἄλλον,
390 1791 456 1852 quod
467 1791 602 1839 ridiculum
615 1792 679 1850 est,'’
691 1791 715 1840 ei
731 1791 847 1852 equidem
864 1795 917 1840 n'on
935 1791 1071 1842 adsentior.
1104 1793 1163 1844 vie

229 1855 262 1903 ad
273 1859 286 1916 5
297 1857 335 1906 35.
350 1856 414 1904 Plat.
429 1870 473 1904 v11.
491 1855 597 1916 Republ.
617 1855 663 1905 516
675 1855 694 1904 0
705 1860 771 1916 τιμαί
789 1859 814 1906 δὲ
831 1860 869 1904 καί
887 1859 977 1905 ἔπαινοι
992 1859 1072 1908 είτινες
1088 1859 1167 1908 αι’ντοῖς

228 1968 293 2029 ἦσαν
307 1970 363 2019 τότε
374 1969 430 2032 παρ’
442 1969 562 2030 ἀλλήλοιν.
587 1971 769 2029 κατεκομίζεσθε
778 1969 803 2020 S.
817 1969 847 2019 Y.
862 1984 882 2018 s.
894 1988 933 2034 γρ.
945 1970 974 2032 Q.
1002 1924 1167 2032 κατεκομιζέτθέ

229 2092 263 2142 So
291 2094 421 2142 διακεῖσθαι
442 2093 499 2155 τρίς
522 2111 575 2142 τινα
598 2091 671 2141 οὕτως
717 2094 784 2152 537.
817 2092 885 2140 That
903 2092 987 2141 which
1001 2092 1025 2141 is
1042 2093 1167 2144 soundin

229 2159 281 2204 “to
291 2155 323 2204 be
334 2171 368 2204 on
379 2155 442 2204 such
461 2171 477 2205 s
492 2157 590 2217 footing
608 2159 670 2205 with
717 2156 762 2204 the
778 2159 866 2205 extant
888 2157 963 2207 MSS.
985 2157 1009 2205 is
1029 2158 1056 2205 ot
1076 2172 1167 2209 course

227 2234 278 2281 shy
298 2221 371 2278 one‚'’
393 2221 438 2270 i.e.
465 2224 515 2269 “to
542 2220 669 2270 entertsin
717 2221 843 2282 spurious,

227 2285 290 2333 such
301 2285 408 2346 feelings
416 2285 524 2334 towards
535 2285 667 2346 another‚”
750 2287 812 2345 597.
846 2287 878 2334 τὰ
892 2285 1036 2348 Ἡράκλειοι]
1063 2285 1165 2348 Harpo-

226 2364 254 2398 οε
266 2352 318 2398 “to
328 2349 670 2409 hevesnehteelingsenter·
717 2349 828 2400 oration:
860 2351 999 2412 Ἡράκλεια·
1011 2353 1167 2410 Δημοσθένης

226 2413 314 2463 tained
327 2414 434 2462 towards
448 2415 571 2462 oneself.”
605 2413 669 2461 This
717 2415 743 2462 ἐν
768 2415 805 2474 τῷ
823 2417 876 2463 κατ’
904 2417 1025 2474 Αἰσχίνου.
1064 2419 1167 2464 πολλῶν

226 2491 272 2526 use
283 2479 310 2526 of
326 2479 383 2541 πρὸς
401 2479 541 2540 (subjective
553 2491 581 2525 or
591 2479 669 2538 obJ'ee-
718 2479 792 2526 ὄντων
818 2481 864 2526 τῶν
890 2481 952 2527 κατὰ
978 2481 1023 2538 τὴν
1049 2477 1166 2540 Ἀττικὴν

226 2541 285 2606 tine)
297 2540 666 2606 hasqftenperplexedorities,
715 2541 872 2604 Ἡρακλείων,
887 2545 925 2590 νῦν
936 2543 967 2590 etv
984 2544 997 2592 ὁ
1012 2545 1167 2604 Δημοσθένης

226 2619 247 2654 e.
259 2620 281 2666 g.
295 2605 391 2653 Amold
403 2620 437 2654 on
453 2605 565 2666 Thucyd.
579 2619 612 2655 1v.
627 2606 667 2662 51,
715 2609 853 2665 μνημονεθοι
864 2607 916 2665 ἤτοι
927 2610 974 2654 τῶν
987 2609 1010 2655 ἐν
1022 2609 1162 2669 Μαραθῶνι,

226 2669 277 2718 and
287 2684 310 2719 v.
328 2671 381 2719 105.
417 2668 541 2717 whether
555 2684 592 2717 we
608 2668 668 2718 read
717 2671 732 2728 ἢ
757 2673 804 2718 τῶν
832 2673 857 2719 ἐν
883 2672 1039 2732 Κυνοσάργει·
1086 2671 1165 2724 ταῦτα

226 2733 349 2792 ἅνθρωπος
360 2747 389 2781 or
404 2735 532 2795 ἅνθρωποι,
545 2747 581 2781 we
597 2735 668 2782 must
719 2735 855 2797 (festivals,
867 2737 913 2782 not
925 2736 1033 2798 temptes)
1050 2737 1100 2798 γὰρ
1115 2739 1161 2794 μα·

224 2797 359 2846 translate:
381 2797 461 2845 “how
476 2797 550 2845 could
566 2798 595 2846 ίιε
612 2797 668 2860 (Ae-
716 2801 790 2846 λιστα
809 2801 847 2847 διὰ
863 2801 931 2858 τιμῆς
950 2801 1014 2859 εἶχαν
1032 2801 1163 2860 Ἀθηναῖοι.

225 2860 413 2923 sehines)hsve
429 2861 525 2910 treated
541 2875 593 2924 you
605 2861 667 2910 with
716 2861 862 2911 Herodotus
888 2877 923 2910 τι.
950 2863 996 2911 116
1015 2863 1114 2924 «speaks
1137 2865 1165 2914 ot

224 2928 323 2986 greater
334 2924 491 2986 indignity?”
716 2927 824 2987 temptes
851 2926 877 2975 of
898 2926 1021 2975 Hercules
1040 2926 1069 2974 in
1097 2927 1163 2977 both

257 2990 321 3047 597.
354 2989 382 3037 τὰ
393 2992 436 3038 τοῦ
445 2990 586 3050 Διοφάντου]
614 2989 666 3038 Un-
715 2990 808 3050 plsees.
856 2983 971 3038 Another
1005 2991 1108 3040 festival
1136 2993 1164 3042 ot

224 3067 296 3103 mn:
314 3053 382 3104 οὗτος
392 3055 405 3103 ὁ
415 3055 597 3114 Διόφαντοςτῶν
608 3073 666 3114 συμ-
715 3054 838 3103 Hercules
855 3057 880 3103 ἐν
898 3057 1013 3114 Διομείοις
1030 3055 1074 3116 (an
1091 3056 1163 3106 Attio

223 3121 309 3180 μάχαν
321 3121 497 3181 περισωθέντων
508 3121 547 3166 καί
559 3120 666 3167 ἀτελασ-
715 3117 796 3182 deme)
805 3118 983 3168 ismentioned
990 3119 1159 3181 byhristoph.

224 3186 303 3233 θέντος
322 3185 349 3232 ἐκ
369 3185 412 3242 τῆς
430 3185 531 3232 Φωκίδος
546 3185 667 3232 Φιλίππου
714 3181 1161 3244 Rsn.651‚Hegessnderap.hthen.

224 3251 317 3310 ἔγραψε
327 3250 493 3311 χαριστηρίους
505 3250 586 3296 θυσίας
603 3250 665 3296 θύειν
714 3260 749 3294 VI.
761 3247 809 3294 260
818 3248 848 3304 A,
858 3247 879 3294 Β
888 3245 952 3306 (who
961 3247 1019 3296 tells
1030 3261 1062 3295 us
1073 3247 1161 3309 Philip

222 3315 272 3360 τοῖς
291 3315 360 3361 θεοῖς.
392 3311 516 3360 Whether
532 3311 586 3358 this
605 3311 665 3359 Dio·
711 3309 920 3372 hedpersonsin
935 3310 977 3360 his
992 3313 1080 3372 psyto
1098 3313 1163 3362 send

222 3376 335 3436 phentus
353 3375 377 3424 is
393 3375 437 3424 the
455 3389 527 3424 seme
539 3375 601 3422 with
618 3375 663 3423 the
713 3374 768 3422 him
783 3389 799 3422 α
809 3375 915 3435 register
925 3375 952 3422 of
966 3376 1001 3424 all
1016 3374 1161 3427 wittieisms

221 3453 314 3500 person
329 3442 368 3500 (or
384 3439 498 3502 persons)
517 3439 666 3490 mentioned
713 3439 813 3487 uttered
834 3442 861 3488 at
882 3438 936 3488 this
958 3439 1067 3490 festival.
1112 3439 1161 3490 See

221 3517 246 3564 p.
266 3503 313 3551 403
327 3506 340 3563 5
353 3505 407 3564 220,
425 3517 449 3564 p.
472 3503 520 3552 436
537 3505 550 3562 5
567 3505 622 3564 339,
640 3503 663 3551 is
714 3503 768 3551 also
788 3502 911 3564 Athenae,
931 3517 982 3552 nv.
1001 3504 1049 3552 614
1064 3503 1096 3563 Ι),
1114 3503 1158 3566 E).

219 3569 267 3614 not
278 3567 441 3616 eseertsined.
467 3567 521 3616 The
531 3567 663 3628 psephism
712 3567 835 3627 Hhrpoer.
846 3570 871 3616 ἐν
880 3570 995 3627 Διομείοις
1007 3569 1160 3631 Ἡράκλειοι.

219 3631 248 3678 of
269 3630 438 3679 Callisthenes
459 3645 510 3679 was
537 3630 605 3680 cited
630 3631 664 3692 by
713 3631 746 3679 In
767 3631 820 3680 feet
841 3630 914 3680 there
934 3645 985 3680 was
1007 3646 1023 3680 α
1044 3633 1162 3692 seperate

220 3693 406 3745 Demosthenes
427 3694 458 3744 de
482 3695 571 3745 Geron.
600 3695 665 3746 after
714 3693 864 3746 festivales
890 3695 1014 3746 Hercules
1040 3695 1070 3746 in
1096 3695 1160 3748 esth
