2622 4206
348 231 409 296 DE
437 231 580 296 FALSA
609 231 872 298 LEGATIONE.
1022 233 1086 300 247

84 396 136 455 347
152 384 284 472 ἐφήβων
302 385 412 472 όρκον;
439 383 500 472 οόχ
520 384 625 464 οδτος;
648 387 696 456 τίς
719 384 736 448 ό
758 384 872 455 πείσας
894 384 973 467 ὑμᾶς
993 384 1088 465 μόνον
1099 406 1159 461 304

152 485 207 550 οὐκ
223 485 277 551 ἐπὶ
290 485 348 566 τὴν
362 486 495 572 ἐρυθρὰν
516 484 680 550 θάλατταν
697 487 872 571 πρεσβείας
885 484 1033 566 πέμπειν,
1048 484 1088 554 ὦς

72 596 76 599 ’
151 588 439 670 ἐπιβουλευομένης
449 590 507 664 μὲν
518 585 579 652 ὑπὸ
590 587 759 651 Φιλίππου
772 589 828 667 τῆς
837 585 1005 666 Ἑλλάδος,
1017 585 1089 665 ὑμῖν

152 689 186 755 δὲ
200 695 365 777 προσῆκον
381 692 522 774 προορᾶν
539 693 639 754 ταῦτα
657 689 712 754 καί
727 688 772 770 μή
789 689 958 775 προίεσθαι
971 687 1014 754 τό
1028 693 1090 753 τῶν

151 792 336 874 Ἑλλήνων;
358 792 420 880 οὐχ
434 792 450 857 ό
464 794 523 874 μὲν
540 792 675 878 γράφων
693 792 730 857 τό
749 793 909 879 ψήφισμα
923 793 1089 871 Εὔβουλος

151 893 198 975 ἦν,
211 894 271 959 όδὲ
282 894 470 981 πρεσβεύων
480 891 528 966 εἰς’
535 895 782 974 Πελοπόννησον
793 896 950 986 Αἰσχίνης
962 895 1072 961 οὑτοσί
1081 920 1090 975 ;

152 996 254 1061 ε’λθιδν
268 995 294 1060 δ’
310 997 412 1060 ἐκεῖσε
431 997 513 1060 ἀττα
533 995 591 1079 μέν
608 1022 687 1061 ποτε
706 996 855 1083 διελέχθη
870 997 925 1061 καὶ
939 994 1089 1080 ἐδημηγό·

151 1124 258 1182 ρησεν,
273 1095 365 1167 αὐτὸς
380 1095 419 1162 ἀν
433 1096 536 1178 εἰδείη,
549 1095 570 1161 ἃ
582 1096 607 1160 δ’
620 1097 794 1180 ἀπήγγειλε
809 1099 887 1183 πρὸς
901 1099 989 1182 ὑμᾶς,
1005 1099 1090 1182 ὑμεῖς
1243 1173 1246 1182 y

86 1212 140 1284 348
153 1199 208 1265 οἶδ’
225 1199 274 1264 ότι
289 1198 451 1281 μέμνησθε
465 1195 590 1270 πάντες.
623 1201 792 1288 βάρβαρόν
806 1229 841 1267 τε
854 1202 915 1288 γάρ
929 1204 1090 1274 πολλάκις
1103 1233 1159 1291 305

152 1304 206 1367 καὶ
218 1299 386 1387 ἀλάστορα
396 1301 449 1367 τόν
460 1305 627 1368 Φίλιππον
641 1303 814 1370 ἀποκαλῶν
827 1305 1020 1390 ἐδημηγόρει,
1036 1308 1090 1371 καὶ

152 1403 223 1474 τούς
233 1401 391 1488 Ἀρκάδος
401 1403 475 1487 ὑμῖν
486 1403 690 1488 ἀπήγγελλεν
701 1405 741 1475 ὦς
752 1407 889 1495 ἔχαιρον,
906 1407 935 1472 εί
952 1407 957 1493 Ι
975 1407 1091 1492 προσέ-
1104 1427 1173 1488 439

152 1535 205 1595 χει
220 1513 285 1578 τοῖς
299 1506 487 1594 πράγμασιν
502 1507 560 1587 ήδη
576 1507 630 1572 καὶ
645 1508 824 1594 ἐγείρεταιὴ
837 1513 899 1575 τῶν
913 1510 1092 1591 Ἀθηναίων

743 1673 755 1699 0

201 1707 280 1769 5347.
315 1708 444 1770 πρεσβείαν
462 1706 488 1754 k.
504 1721 524 1756 s.
542 1707 767 1770 ΑῙ.-προσῆκεν
788 1710 818 1758 F.
829 1711 859 1760 B.
886 1713 1003 1773 προσῆκεν
1021 1709 1045 1758 S.
1067 1712 1093 1758 et

152 1787 190 1833 pr.
203 1775 223 1820 t.
264 1770 398 1818 “Defendi
418 1771 507 1833 possit,
532 1773 561 1819 ut
585 1773 765 1835 ὡς...προσῆκεν
787 1775 976 1823 construetione
993 1773 1090 1822 νοτίοιο

153 1836 250 1884 dietum
268 1834 326 1884 eit.''
343 1835 426 1884 Vorrr.
451 1835 506 1895 Ego
518 1839 633 1897 προσήκει
644 1839 688 1885 eut
700 1841 816 1900 προσήκοι
826 1839 986 1900 requirerem.

200 1901 278 1960 5348.
311 1901 476 1961 ἀπήγγειλλεν
494 1899 524 1947 0.
541 1915 561 1949 r.
584 1903 602 1949 t.
615 1915 640 1951 v.
675 1905 824 1966 ἀπήγγειλεν
841 1904 910 1964 vulg.
927 1905 988 1950 ante
1003 1902 1087 1950 Bm.

152 1979 284 2042 Frequens
305 1979 421 2029 confusio
446 1979 475 2028 in
497 1978 546 2028 hoe
566 1981 653 2032 voeeb.
679 1982 747 2030 inter
769 1985 805 2039 ελ,
822 1985 875 2042 ελλ,
899 1984 944 2040 ειλ,
963 1984 1022 2030 ειλλ
1052 1980 1089 2029 of.

152 2167 201 2216 hes
228 2165 351 2228 probably
369 2164 528 2215 eonfounded
554 2163 599 2212 the
649 2167 734 2216 ὄπισθε
754 2169 779 2216 δί
797 2167 846 2215 τιδτ
865 2167 960 2216 πυλέων
987 2169 1026 2216 καί
1051 2170 1093 2227 τῆς

152 2234 215 2280 two:
235 2232 372 2293 ’Ἄγραυλος
399 2233 438 2280 καί
455 2232 540 2292 Ἕρση,
561 2233 599 2278 καί
649 2230 742 2289 ἀνόδου,
756 2233 827 2291 πῇδὴ
840 2234 894 2280 οθτε
910 2250 945 2281 τις
962 2232 1091 2293 ἐφύλαττε,

153 2296 299 2359 Πάνδροσος,
322 2298 448 2358 θυγατέρες
469 2296 599 2356 Κέκροπος,
649 2295 697 2343 οὔτ’
718 2297 747 2343 ἀν
764 2297 854 2354 ἤλπισε
869 2295 960 2354 μήκοτέ
980 2312 1015 2344 τις
1032 2300 1094 2344 κατὰ

154 2363 185 2410 ὥς
196 2368 270 2424 φησιν
282 2361 294 2407 ό
307 2361 436 2421 Φιλόχορος
448 2361 499 2420 [see
509 2358 599 2419 Eurip.
649 2377 726 2408 ταυτα
746 2358 848 2420 ἀναβαίη
865 2359 1006 2422 ἀνθρώπων,
1017 2359 1094 2420 ταύτῃ

153 2425 202 2473 Ion
213 2425 350 2484 265-274,
360 2422 504 2484 Apollodor.
518 2437 547 2470 11.
560 2424 598 2471 14.
650 2423 769 2484 ἀνέβησάν
776 2442 835 2473 τινες
846 2423 872 2484 (ί
881 2439 901 2472 e
916 2423 960 2472 the
970 2423 1093 2483 inveding

154 2489 178 2546 6,
189 2489 301 2537 Pausan.
314 2502 330 2537 1.
349 2489 387 2535 18.
407 2489 441 2548 2].
459 2489 559 2548 λέγουσι
575 2489 601 2536 δὲ
649 2488 779 2546 Persiens)
794 2487 856 2536 κατά
871 2489 899 2536 τό
920 2488 967 2548 ίρόν
987 2491 1030 2547 τῆς
1046 2487 1092 2537 Κέ-

154 2557 190 2602 ότι
200 2556 306 2612 πολέμου
315 2555 450 2614 συμβάντος
460 2554 517 2613 παρ’
530 2553 600 2609 Ἀθη·
650 2569 734 2613 κροπος
751 2552 865 2613 θυγατρός
884 2551 1029 2615 Ἀγλαύρου,
1044 2547 1092 2601 καί·

154 2621 225 2669 ναίοις
247 2620 288 2666 ίίτε
310 2619 435 2675 Εὔμολπος
457 2615 601 2677 ἐστράτευσε
649 2634 733 2678 τοιπερ
759 2617 909 2678 ἀποκρήμνου
944 2615 1020 2666 ἐόντος
1051 2618 1094 2666 τοῦ

154 2685 217 2730 κατὰ
233 2679 373 2743 Ἐρεχθέως,
388 2683 427 2729 καί
443 2682 602 2739 μηκυνομένου
650 2684 734 2742 χώρου.
770 2681 879 2730 Paueen.
899 2695 916 2732 1.
933 2681 971 2730 18.
985 2683 1008 2730 2.

153 2745 248 2806 τούτου,
261 2751 362 2805 ἔχρησεν
370 2743 600 2794 όἈπόλλωνάπαλ-
682 2748 694 2804 ἓ
707 2746 761 2796 347.
797 2749 841 2804 τὴν
853 2747 952 2808 ἐρυθρόν
963 2747 1094 2806 θάλατταν]

154 2812 315 2872 λαγήσεσθαι,
329 2809 372 2857 ἐάν
383 2827 419 2858 τις
429 2807 503 2868 ἀνέλῃ
518 2806 602 2856 ἑαυτὸν
652 2809 745 2857 “Mare
754 2809 895 2868 Rubrum,’'
916 2809 984 2859 “the
1002 2809 1096 2856 Indien

154 2876 214 2936 ὑπὲρ
234 2876 277 2932 τῆς
302 2873 399 2922 πόλεως.
435 2874 546 2932 ἡτοίνυν
560 2873 601 2919 Ἀ·
651 2872 760 2932 Oeeen,’¹
787 2873 919 2934 including
944 2873 990 2922 the
1018 2873 1096 2922 Sinus

154 2941 259 3000 γραυλος
286 2939 373 2986 ἔκαυσα
397 2937 470 2996 αὐτὴν
491 2939 602 2994 ἐξέδωκεν
650 2937 772 2986 Arabicus
791 2939 854 2998 (Red
871 2940 929 2996 Sea)
947 2937 998 2986 and
1019 2937 1096 2987 Sinus

156 3005 187 3052 είς
205 3003 314 3050 θάνατον.
349 3003 429 3064 ἔρριψε
447 3003 496 3062 γάρ
515 3003 601 3056 ἑαυτὴν
650 3000 773 3050 Pereieue.
809 3001 874 3052 Plin.
893 3001 961 3050 fflst.
981 3001 1040 3049 Nat.
1057 3015 1092 3050 vx.

155 3069 182 3115 ἐκ
203 3065 247 3115 τοῦ
269 3069 362 3126 τείχους
377 3067 456 3128 [Eur.
473 3065 522 3113 Ion
545 3067 601 3122 277,
650 3067 681 3113 23
695 3065 745 3128 (28)
764 3069 777 3126 5
795 3066 849 3126 107.
890 3066 937 3114 See
958 3065 1042 3113 Beehr
1060 3079 1095 3113 on

155 3132 211 3188 278,
237 3128 353 3191 Apollod.
380 3145 408 3178 u.
432 3131 469 3178 15.
493 3129 527 3190 4J.
550 3131 601 3176 εἶτα
650 3129 743 3180 Herod.
758 3145 776 3177 1.
790 3129 1095 3190 l.—Theembeeey0!

155 3196 338 3255 ἀπαλλαγέντες
351 3196 393 3243 τοῦ
409 3195 521 3251 πολέμου,
540 3195 601 3254 ίερδν
650 3193 1092 3254 ΑοοοίιίιιεοὶιεροίιειιοίαίιονοὲΙΟ.

155 3261 215 3321 ὑπὲρ
230 3260 317 3308 τούτου
328 3259 458 3318 ἐστήσαντο
470 3256 532 3317 αὑτῇ
547 3259 602 3318 περί
682 3259 760 3318 5348.
778 3257 1095 3318 “Contemptuouslyeall-

154 3325 187 3372 τά
209 3322 347 3386 προπύλαια
373 3327 413 3382 τῆς
440 3321 540 3380 πόλεως,
562 3323 602 3369 καί
649 3320 694 3382 ing
709 3321 795 3382 Philip
813 3335 829 3369 a
845 3323 1025 3371 blood-etaim
1040 3323 1094 3369 bar·

154 3391 236 3438 ὲκεῖσι
247 3389 336 3446 ω’μνυον
348 3387 463 3449 [observe
479 3385 524 3433 the
543 3399 601 3432 eon·
651 3387 764 3434 berien”
786 3385 823 3448 (ee
841 3385 940 3436 Thirlw.
963 3400 987 3434 v.
1001 3387 1048 3433 328
1065 3399 1094 3433 eo

155 3451 281 3502 struction
292 3453 344 3500 met
355 3450 417 3499 with
434 3449 463 3498 in
481 3449 602 3497 Glaeeieel
650 3449 815 3496 wellrendere
826 3449 1095 3511 theworde).--For

156 3516 279 3580 GreeRJol
287 3518 372 3577 ἔφηβοι
379 3518 507 3574 μέλλοντες
518 3516 602 3572 ἐξιέναι
651 3513 777 3560 ἀποκαλῶν
804 3526 845 3560 see
872 3517 885 3574 ἓ
911 3514 966 3565 274.
1004 3512 1092 3574 comp.

155 3585 188 3630 είς
216 3584 326 3638 πόλεμον.
362 3578 507 3626 Herodotus
532 3577 601 3637 gives
650 3577 727 3634 5351.
761 3575 828 3624 Thet
844 3577 931 3638 Philip
948 3591 999 3626 was
1016 3579 1094 3626 nota

154 3645 200 3692 the
211 3643 261 3692 site
271 3643 299 3691 of
314 3642 359 3690 the
369 3642 485 3701 building
500 3655 555 3688 vm.
570 3642 601 3688 53
649 3640 791 3697 barbarian,
814 3654 842 3686 or
863 3641 893 3688 in
914 3642 987 3690 other
1012 3640 1094 3688 werde

153 3711 277 3771 ἔμπροσθε
289 3707 320 3756 ὤν
334 3710 379 3770 πρὸ
395 3710 438 3770 τῆς
453 3705 601 3768 ἀκροπόλιος,
649 3719 700 3754 wee
722 3719 737 3755 α
759 3705 860 3765 Ἕλλην,
885 3706 908 3756 ie
934 3707 1002 3756 eleer
1027 3705 1094 3754 from
