2628 4194
233 221 274 285 92
542 215 861 283 DEMOSTHENIS

158 395 216 461 375
231 402 290 463 χος
307 373 313 458 Ι
333 372 494 440 Θετταλοὶ
523 372 576 440 καὶ
605 374 776 440 Φιλίππου
796 375 951 463 πρέσβεις
971 372 1039 457 μετ’
1061 373 1174 456 αὐτῶν,

230 477 386 560 ἀξιοῦντες
418 475 499 558 ύμιῖς
528 476 698 542 Φιλιππου
723 477 941 563 Ἀμφικτύονα
963 476 1043 543 εῖναι
1068 480 1175 565 ψηφί-

229 579 358 644 σασθαι.
404 581 448 666 τῷ
467 582 629 663 προσῆκεν
649 578 702 645 οὖν
718 579 876 646 ἀντειπεῖν
891 578 1011 650 τούτοις
1025 581 1174 663 μάλιστα

228 681 356 746 πάντων
378 678 570 765 ἀνθρώπωυ;
594 681 735 767 Αἰσχίνῃ
757 680 866 767 τούτῳ.
913 680 964 747 διὰ
985 683 1037 763 τί,
1061 683 1111 748 lire
1126 684 1173 754 οῖς

227 783 316 854 οὗτος
329 781 510 866 ἀπήγγειλε
524 782 603 868 πρὸς
618 782 705 865 ὑμᾶς,
721 784 843 855 τούτοις
852 782 1005 850 τάναντία
1020 786 1172 867 ἐποίησεν

151 903 205 941 112
227 877 460 956 e'xetvossotm
485 886 543 967 μὲν
566 885 627 972 ηάρ
654 885 714 972 ἔφη
742 886 888 956 Θεσπιὰς
917 888 971 952 καὶ
1001 890 1170 959 Πλαταιὰς
1186 916 1240 955 122

227 980 321 1048 αὐτὸν
334 988 473 1071 τειχιεῖν,
490 983 543 1049 καὶ
558 984 628 1054 τούς
645 986 704 1064 μὲν
723 984 852 1055 Φωκέας
871 985 927 1051 οὐκ
946 985 1091 1066 ἀπολεῖν,
1112 988 1170 1069 τὴν

226 1083 260 1149 δὲ
275 1085 430 1164 Θηβαίων
444 1082 536 1170 ύβριυ
551 1084 752 1151 καταλύσειν·
775 1084 791 1149 ὁ
806 1085 840 1151 δὲ
854 1087 925 1156 τούς
935 1088 993 1169 μὲν
1005 1089 1170 1166 Θηβαίους

226 1189 346 1270 μείζους
370 1189 390 1269 ἢ
413 1193 556 1274 προσῆκε
577 1191 739 1266 πεποίηκε,
764 1188 834 1259 τούς
856 1189 890 1254 δὲ
914 1191 1044 1260 Φωκέας
1071 1191 1169 1276 ἀρδην

226 1291 419 1372 ἀπολώλεκε,
448 1293 500 1357 καὶ
526 1292 582 1361 τὰς
606 1292 665 1372 μὲν
691 1292 836 1362 Θεσπιὰς
861 1291 915 1356 καὶ
939 1292 1107 1364 Πλαταιὰς
1133 1295 1167 1360 ού

226 1395 387 1481 τετείχικε,
405 1393 458 1459 τὸν
473 1393 506 1458 δὲ
521 1392 716 1480 Ὀρχομενὸν
731 1394 784 1458 καὶ
798 1395 855 1474 τὴν
872 1394 1053 1477 Κορώνειαν
1066 1423 1167 1482 προσ-

225 1496 516 1580 εξηνδραπόδισται.
575 1499 642 1566 πῶς
682 1495 721 1561 ἀν
759 1494 965 1581 ἐναντιώτερα
1003 1497 1165 1583 πράημαθΙ

226 1600 346 1667 ἑαυτοῖς
360 1597 478 1663 τούτων
491 1595 633 1678 «γένοιτο,
656 1597 692 1662 ού
707 1598 810 1663 τοίνυν
825 1597 978 1673 ἀντεῖπεν,
995 1598 1065 1663 οὐδὲ
1081 1599 1166 1684 διῆρε

158 1700 263 1780 113rd
287 1701 401 1781 στόμα,
428 1699 489 1764 οὐδ’
515 1701 690 1786 ἐφθέγξατο
714 1699 854 1765 ἐναντίον
877 1699 971 1764 οὐδέν.
1017 1701 1070 1765 καὶ
1094 1701 1165 1790 ούχὶ
1180 1724 1236 1779 1²3

225 1802 317 1867 τοῦτο’
342 1829 393 1866 πω
420 1801 527 1876 δεινόν,
554 1806 742 1880 τηλικοῦτον
765 1801 808 1866 ὅν·
841 1799 929 1866 ἀλλὰ
954 1801 1007 1867 καὶ
1037 1808 1166 1868 συνεῖπε

224 1904 317 1987 μόνος
342 1907 404 1969 τῶν
428 1904 461 1967 ἐν
485 1907 524 1987 τῇ
547 1903 643 1967 πόλει
671 1901 801 1968 πάντων
830 1900 1012 1987 ἀνθρώπων.
1064 1903 1166 1968 καίτοι

225 2004 318 2070 τοῦτό
332 2032 369 2086 ηε
385 2004 454 2070 οὐδὲ
473 2003 674 2091 Φιλοκράτης
693 2002 851 2085 ἐτόλμησε
864 2005 999 2084 ποιῆσαι
1015 2001 1031 2066 ὁ
1045 2004 1164 2087 μιαρός,

225 2104 299 2170 ἀλλ’
324 2106 480 2194 Αἰσχίνης
506 2104 623 2170 ούτοσί.
670 2106 724 2169 καὶ
750 2103 969 2189 θορυβούντων
998 2103 1084 2186 ύμῶυ
1113 2105 1166 2170 καὶ

224 2208 281 2274 ούκ
305 2209 476 2273 ἐθελόντων
505 2207 628 2271 ἀκούειν
657 2204 752 2271 αὐτοῦ
781 2197 985 2284 καταβαίνων
1014 2205 1080 2288 ἀπὸ
1109 2212 1166 2273 τοῦ

272 2373 358 2434 5121.
392 2369 640 2434 ‘Appxrvtfflvonn

272 2440 285 2498 fi
303 2438 357 2486 122.
394 2440 441 2498 ἔφη
453 2439 523 2497 (ente
534 2435 647 2492 θεσπιὰς)
659 2448 710 2482 om.
722 2448 760 2494 pr.
772 2433 798 2482 S.
810 2433 860 2482 Εο.
876 2433 968 2482 Turre.
980 2434 1066 2483 Vonnr.
1077 2435 1162 2488 Bm.

225 2503 258 2550 et.
291 2500 371 2561 Aegre
382 2515 504 2549 heremus.
537 2499 597 2546 Mox
609 2501 647 2548 καὶ
659 2501 851 2547 Πλαταιὰςοια.
864 2512 913 2546 see.
925 2499 1002 2546 hebet
1015 2500 1039 2549 S.

273 2566 357 2624 §123.
391 2579 543 2626 vrovpromo
555 2563 680 2611 0.k.t.u.
709 2565 780 2611 δεινὸν
791 2577 842 2610 om.
856 2561 882 2610 S.
895 2564 920 2611 el
931 2564 1009 2625 pr.Y.
1035 2561 1164 2616 rivom-S.

225 2629 316 2689 Itaque
327 2629 376 2676 En.
389 2629 480 2676 Teme.
499 2631 537 2676 καί
551 2627 604 2688 ούχὶ
616 2626 686 2675 τοῦτό
697 2645 742 2686 πω,
757 2627 903 2685 τηλικούτου.
939 2628 1029 2676 Itane?
1058 2629 1161 2678 Scilicet

226 2693 299 2741 δεινὸν
313 2694 338 2740 et
350 2691 378 2740 ὃν
395 2692 463 2739 inter
479 2692 586 2739 miseras
602 2690 810 2751 interpolationes
827 2693 895 2748 eunt,
912 2691 1004 2752 quibus
1024 2690 1086 2741 (lod.
1103 2695 1130 2743 S.
1143 2694 1166 2742 si

225 2756 275 2804 diie
286 2757 370 2817 placet
378 2759 453 2804 ουτοι.
486 2755 570 2803 Velim
581 2756 660 2803 leotor
671 2768 712 2802 me
723 2755 828 2802 mentiri
842 2757 915 2815 putet
926 2755 1006 2804 donee
1023 2755 1166 2806 editionem

226 2820 391 2869 Turioensem
410 2819 463 2867 suis
480 2818 536 2880 ipse
554 2818 633 2866 oonlie
647 2819 803 2879 inspexerit:
820 2819 906 2878 legens
926 2819 995 2867 enim
1011 2819 1068 2881 ipse
1083 2835 1166 2883 paene

225 2885 336 2944 adducor
344 2887 373 2932 ut
384 2898 424 2932 me
436 2883 515 2932 oeulis
526 2897 609 2931 eorere
621 2882 730 2931 eredem.
766 2882 852 2932 Sedet
866 2883 933 2932 inire
950 2884 1001 2932 alie
1018 2887 1079 2932 sunt
1091 2885 1164 2934 eddi·

223 3049 308 3114 tyonio
315 3046 512 3106 eounoil,whioh
523 3061 592 3108 upon
601 3043 669 3094 their
717 3046 822 3106 leetory,
834 3045 886 3094 end
894 3046 1022 3109 evidently
1030 3046 1093 3109 they
1098 3063 1164 3098 were

223 3115 343 3165 downfell
369 3127 434 3161 were
458 3111 613 3161 transferred
640 3114 667 3158 to
717 3110 746 3158 in
773 3109 889 3171 Ulpian'n
916 3111 1110 3174 Μ8.--διῆρε
1137 3115 1166 3162 το·

223 3180 310 3241 Philip
321 3178 422 3228 endhie
434 3191 584 3225 successore.
612 3174 666 3225 The
718 3171 807 3236 στόμα]
826 3174 859 3224 So
875 3188 899 3235 p.
922 3175 970 3222 405
992 3179 1005 3236 ᾗ
1025 3176 1082 3237 229,
1113 3177 1166 3227 and

223 3245 348 3306 embesey,
362 3242 423 3290 here
434 3240 536 3290 alluded
546 3243 582 3298 to,
594 3253 666 3288 oeme
719 3238 780 3288 Mid.
793 3253 819 3299 p.
834 3239 882 3288 536
894 3241 908 3298 ἕ
920 3239 958 3290 67.

224 3312 251 3357 to
270 3307 380 3357 demand
394 3308 420 3355 ot
444 3305 543 3355 Athens
561 3305 607 3353 her
628 3318 666 3352 re·
751 3304 830 3360 5123.
866 3303 947 3350 “And
957 3302 1010 3351 thie
1027 3302 1050 3352 is
1069 3306 1117 3353 not
1137 3321 1165 3356 ar

224 3373 391 3433 cognitiones
402 3370 511 3432 Philip'e
523 3369 638 3418 eleetion.
718 3374 761 3430 μοι
782 3381 810 3414 eo
832 3366 985 3427 diegreoeful
1007 3369 1090 3430 (sully
1113 3368 1165 3418 die-

256 3437 334 3495 3122.
352 3437 427 3494 οὗτος,
439 3433 592 3483 Aeschines:
611 3433 666 3489 ὁδέ,
717 3431 846 3492 grateful),
863 3433 932 3492 great
948 3430 1047 3492 though
1063 3431 1084 3480 it
1104 3447 1166 3495 may

225 3500 488 3611 Ἠλὼμ-μάξω
510 3498 526 3558 ἢ
550 3498 666 3560 προσῆκε]
718 3496 761 3544 he:
780 3495 825 3543 but
848 3496 960 3557 (whatI
982 3507 1022 3543 am
1041 3499 1117 3557 ροίιιρ
1140 3506 1164 3547 to

226 3567 347 3624 “greater
355 3563 438 3612 thent
459 3578 490 3625 ey
501 3561 594 3610 should
601 3561 667 3609 heve
717 3561 827 3608 mention
842 3562 865 3607 ιέ
883 3561 937 3618 ἤδη
953 3559 1033 3616 δεινόν)
1050 3559 1085 3608 he
1100 3575 1166 3611 even

224 3628 313 3676 been.”
352 3627 471 3674 Dobree’e
496 3639 601 3674 teneone
627 3625 667 3672 tor
719 3624 796 3684 spolie
815 3623 844 3671 in
863 3623 952 3672 levour
965 3623 1053 3672 ottho
1071 3639 1164 3686 propo-

224 3691 344 3753 omitting
355 3691 369 3751 ἢ
379 3694 496 3753 προσῆκεν
507 3689 666 3738 ereuneatie-
719 3687 782 3738 eel.''
815 3701 856 3736 111.
871 3687 984 3750 Philipp.
997 3701 1022 3750 p.
1041 3689 1088 3738 125
1104 3693 1118 3753 ἓ
1133 3691 1165 3740 55
