2640 4194
597 237 617 298 3

136 389 193 458 τάς
208 388 261 455 δύο
275 390 383 458 πόλεις
397 387 582 470 γειτνιώσας
597 386 709 462 αύτοῖς,
726 386 906 459 Θετταλούς
921 387 954 454 δὲ
968 415 1075 475 παρω·

135 488 281 572 σάμενοι8
300 489 358 570 τὴν
373 488 631 573 Ἀμφικτυονίαν,
652 487 709 554 άτε
728 491 761 554 ἐν
779 489 862 574 μέση
877 489 998 555 Φωκίδι
1012 493 1075 555 τῶν

135 591 169 653 ἐν
183 592 321 672 Δελφοῖς
336 589 424 676 ἱερῶν
439 591 629 675 ι’δρυμένωνῖ
674 591 780 672 ἐπειδὴ
794 591 828 656 δὲ
842 591 945 656 πολύν
958 591 1073 678 χρόνον

135 695 339 774 ἐπολέμησαν
353 694 430 780 πρὸς
450 694 577 764 ἑαυτούς
594 693 757 775 Ἀθηναῖοι
772 694 825 760 καὶ
840 694 1013 769 Φιλιππος,
1028 698 1074 780 τῷ

134 795 239 881 χρόνῳ
259 795 317 876 τὴν
340 793 462 880 εἰρήνην
485 795 626 880 ἑκάτεροι
654 800 757 860 ποιεῖν
787 794 967 871 ἐβούλοντο,
998 791 1073 858 ἀλλ’

135 893 282 980 ὁπότερος
296 899 397 959 ταῦτα
410 895 642 981 προβάλλοιτο,
654 895 811 985 αἰσχύνην
826 895 911 982 ἔχειν
923 893 1068 975 ἐνόμιζον,

134 994 363 1078 Ἀριστόδημος
386 996 420 1061 δὲ
452 997 504 1061 καὶ
530 997 753 1084 Νεοπτόλεμος
777 996 781 1084 Ι
804 997 973 1081 ὑποκριταὶ
998 1022 1072 1081 τρα-
1093 1009 1151 1076 335

133 1096 248 1180 ιγῳδίας
263 1097 443 1186 ἐτύγχανον,
461 1096 546 1163 οὗτοι
560 1097 611 1163 διά
626 1097 683 1179 τὴν
701 1099 819 1164 οἰκείαν
836 1099 951 1187 τέχνην
965 1097 1073 1163 άδειαν

135 1197 221 1286 εἰχον
236 1197 369 1277 ἀπιέναι,
385 1198 479 1264 όπουῦ
499 1197 539 1264 ῶν
558 1200 747 1279 βούλωνται,
768 1198 856 1265 άλλά
874 1200 911 1280 δὴ
926 1200 1071 1287 καὶπρὸς

133 1305 311 1384 πολεμίους.
355 1301 546 1370 ἀπελθόντες
565 1301 619 1367 οὖν
635 1301 722 1367 οὗτοι
738 1301 782 1372 εἰς
801 1302 858 1382 τὴν
874 1302 1073 1368 Μακεδονίαν

134 1398 332 1482 ἐπεδείξαντο
351 1401 408 1482 τὴν
426 1400 543 1466 οἰκείαν
562 1402 686 1489 τέχνην,
708 1402 761 1467 καί
779 1400 857 1466 ούτω
873 1402 1073 1488 φιλοφρόνως

134 1500 244 1572 αὐτούς
259 1501 384 1585 ἐδέξατο
403 1501 577 1580 Φίλιππος,
594 1503 676 1569 ὥστε
692 1503 770 1587 πρὸς
789 1508 854 1572 τοῖς
868 1503 980 1573 ἄλλοις
994 1505 1072 1591 χρή-

134 1628 216 1683 μασι
230 1605 283 1668 καὶ
298 1604 386 1670 άλλα
399 1604 435 1668 ἐκ
449 1608 511 1670 τῶν
525 1604 645 1670 οἰκείων
659 1610 811 1692 παρεῖχεν
825 1603 937 1676 αὐτοῖς.
964 1604 1071 1670 αἰσθό-

133 1727 225 1780 μενος
240 1700 273 1765 δὲ
285 1700 467 1783 μελλόντων
481 1702 717 1789 πρεσβεύεσθαι
731 1703 809 1786 πρὸς
823 1702 917 1768 αὑτὸν
932 1704 1071 1768 Φωκέων

135 1801 188 1864 καί
204 1803 374 1866 Θετταλῶν
388 1802 442 1866 καὶ
456 1802 617 1882 Θηβαίων,
631 1801 792 1882 ἐβουλήθη
803 1801 873 1871 τούς
886 1801 1071 1882 Ἀθηναίους

135 1901 342 1983 ἐξαπατῆσαι.
389 1903 442 1968 καὶ
464 1903 578 1983 ταύτης
599 1907 655 1982 τῆς
677 1903 866 1989 προφάσεως
881 1902 1071 1989 δραξάμενος

134 2001 310 2080 Φίλιππος,
335 2002 484 2068 άπολύων
505 2002 736 2089 Ἀριστόδημον
759 2004 813 2069 καὶ
835 2006 1069 2090 Νεοπτόλεμον,

133 2099 240 2181 ἔλεγεν
263 2100 367 2171 αὐτοῖς
389 2101 438 2166 ότι
463 2103 558 2188 φίλος
581 2101 644 2183 εἰμὶ
667 2102 853 2184 Ἀθηναίοις.
898 2106 1016 2186 συνέβη
1037 2106 1070 2172 δὲ

133 2199 235 2266 πάλιν
256 2228 289 2267 τι
312 2208 453 2268 τοιοῦτον
476 2203 633 2285 γενέσθαι.
678 2203 810 2290 Φρύνων
832 2232 879 2276 τις
905 2206 1070 2287 Ἀθηναῖος

133 2307 235 2374 άπιῶν
248 2307 484 2392 ’ολυμπίοσιν“
498 2309 754 2393 οἰγωνισόμενοςῆ
771 2312 965 2394 θεασάμενος,
982 2317 1069 2402 ἐκρά-

131 2409 213 2490 τήθη
235 2408 296 2473 ύπό
317 2437 411 2476 τινων
434 2415 636 2497 στρατιωτῶν
659 2415 714 2477 τοῦ
739 2415 909 2482 Φιλίππου
933 2417 965 2481 ἐν
992 2416 1068 2501 ἱερο-

132 2511 236 2598 μηνία,
257 2513 310 2576 κάἰ
331 2510 472 2597 ἀφῃρέθη
494 2513 601 2578 πάντα
621 2513 661 2577 τά
678 2513 782 2580 αὑτοῦ.
827 2517 880 2582 καὶ
903 2517 1003 2582 έλθῶν
1025 2519 1067 2588 εἰς

132 2613 269 2694 Ἀθήνας
294 2615 467 2699 παρεκάλει
493 2616 562 2686 τοὺς
591 2615 783 2696 Ἀθηναίους,
814 2619 864 2685 ἵνα
892 2621 1070 2707 χειροτονη-

134 2742 236 2780 σωσιν
250 2716 344 2781 αὐτόν
358 2718 569 2802 πρεσβευτην,
585 2717 671 2788 ὅπως
686 2718 834 2785 άπελθῶν
853 2723 932 2807 πρὸς
951 2723 1069 2789 Φίλιπ-

133 2842 194 2881 πον
216 2816 306 2900 λάβῃ
329 2815 410 2904 άπερ
435 2817 586 2904 ἀφῃρέθη·
616 2819 669 2884 καὶ
694 2821 877 2891 πεισθέντες
901 2820 1065 2902 Ἀθηναῖοι

134 2919 373 3004 ἐχειροτόνησαν
394 2919 487 2984 αὐτὸν
509 2921 562 2984 καὶ
585 2924 810 3006 Κτησιφῶντα·
838 2922 898 3000 καὶι
913 2923 1068 2989 ἐλθόντων

133 3022 234 3086 αὐτῶν
257 3021 300 3091 εἰς
326 3021 527 3086 Μακεδονίαν
549 3023 749 3109 φιλοφρόνως
772 3023 882 3094 αύτούς
903 3025 1029 3108 ἐδέξατο
1052 3026 1068 3091 ὁ

134 3120 307 3200 Φίλιππος,
323 3123 405 3190 ὥστε
419 3125 472 3190 καὶ
487 3124 527 3190 τά
543 3125 752 3212 ἀφαιρεθέντα
762 3126 824 3192 ὑπὸ
837 3130 900 3192 τῶν
914 3155 1067 3216 στρατιω-

133 3231 195 3294 τῶν
220 3227 326 3293 πάντα
345 3227 517 3295 ἀποδοῦναι
535 3228 619 3316 αύτῷ
639 3230 692 3294 καὶ
710 3231 745 3294 ἐκ
761 3234 824 3294 τῶν
842 3230 963 3295 οἰκείων
981 3231 1068 3298 ἅλλα

132 3449 176 3492 affl.
209 3445 365 3494 Emendavit
396 3446 480 3496 Βκκκ.
540 3447 574 3512 (3)
626 3462 714 3496 eorum
724 3445 1066 3509 Delphisfuiwsmm:

134 3509 268 3557 Samma
281 3510 370 3558 laudat
381 3510 513 3561 Demosth.
525 3512 575 3561 111.
658 3513 713 3563 335.
765 3513 799 3573 (5)
835 3513 963 3562 “Rectius
991 3515 1067 3566 ότιι”

132 3572 245 3633 Philipp.
265 3588 289 3634 p.
306 3575 362 3633 119,
380 3577 411 3626 17
432 3577 445 3634 ἓ
466 3577 505 3625 32.
540 3577 574 3636 (4)
626 3576 734 3626 Scmr.
769 3577 803 3641 (6)
815 3578 1066 3636 ὈλνμτιᾶοινΒτικκ.

133 3639 254 3698 ἱδρυμένην
263 3639 330 3698 vulg.
340 3640 399 3686 ante
410 3639 492 3687 Bm.
506 3646 521 3668 ¹⁴
531 3641 574 3688 In·
625 3643 785 3700 Ὀλυμπίασιν
794 3642 875 3692 Bm
891 3645 924 3692 st.
1050 3669 1054 3674 ,

132 3700 219 3761 tellige
240 3700 364 3763 quidquid
387 3716 516 3752 sacrorum
537 3705 573 3753 lo-

900 3805 982 3867 1-2
