2654 4202
358 244 418 308 DE
449 242 593 310 FALSA
621 241 883 308 LEGATIONE.
1036 240 1099 308 107

155 389 289 482 τίμημα,
309 393 326 462 δ
343 399 460 474 ταύτην
480 398 544 481 ἕξει
562 397 619 478 τήν
641 395 733 479 ἀξίαν
754 393 837 461 ὥστε
856 391 1016 460 τοσούτων
1033 393 1099 459 ἅδι-

76 524 115 576 14
118 521 136 580 5
154 500 307 583 κημότων
321 498 494 588 α’ξιόχρεων
508 499 688 585 φαίνεσθαι.
725 493 793 567 πῶς
806 498 867 582 γὰρ
882 497 938 562 ούκ
952 496 1098 583 αἰσχρόν,
1115 513 1170 569 132

154 603 179 668 ὦ
205 601 314 689 ἄνδρες
336 600 506 682 Ἀθηναῖοι,
534 600 671 688 δημοσίᾳ
689 599 748 682 μὲν
772 600 915 669 ἱίπαντας
940 599 1021 680 ὑμᾶς
1046 599 1099 664 καὶ

153 706 232 770 ’όλον
247 703 301 768 τὸν
315 704 414 786 δῆμον
429 708 514 768 πᾶσι
528 707 594 772 τοῖς
608 700 843 789 πεπραγμένοις
858 703 894 766 ἐκ
907 704 963 782 τής
978 701 1100 788 εἰρήνης

154 809 316 888 ἐπιτιμᾶν,
327 806 379 872 καὶ
387 805 468 885 μήτε
478 810 542 870 τῶν
550 806 584 869 ἐν
591 803 806 890 Ἀμφικτύοσι
815 809 971 870 κοινωνεῖν
980 804 1099 871 ἐθέλειν

153 907 318 976 δυσκόλως
333 906 360 972 τ’
373 905 523 996 ἔχεινκαὶ
538 904 688 976 ὑπόπτως
699 905 778 990 πρὸς
793 905 846 971 τὸν
865 906 1042 986 Φιλιππου,
1059 908 1100 978 ῶς

153 1009 287 1089 ἀσεβῶν
301 1008 354 1074 καὶ
369 1007 476 1074 δεινῶν
491 1007 588 1074 ὄντων
606 1011 611 1092 Ι
630 1011 694 1074 τῶν
714 1008 945 1094 πεπραγμένων
960 1008 1013 1072 καὶ
1028 1007 1099 1075 οὔτε
1113 1019 1174 1097 382

153 1112 285 1177 δικαίων
305 1110 369 1177 οὔθ’
392 1110 464 1193 ύμῖν
483 1109 717 1197 συμφερόντων,
732 1109 775 1178 εἰς
795 1109 880 1175 δὲτὸ
896 1108 1099 1196 δικαστήριον

153 1213 360 1284 εἰσελθόντας
389 1213 445 1283 τὰς
474 1212 553 1300 ὑπὲρ
589 1213 709 1279 τούτων
743 1209 872 1282 εὐθύνας
900 1211 1097 1290 δικάσοντας,

152 1314 249 1401 ’όρκον
269 1315 349 1401 ὑπὲρ
370 1320 425 1397 τῆς
442 1316 564 1385 πόλεως
579 1313 787 1398 ὀμωμοκότας,
804 1314 857 1380 τὸν
873 1313 1023 1379 ἁπάντων
1037 1317 1099 1379 τῶν

153 1423 261 1486 κακῶν
282 1421 390 1498 σίτων,
414 1420 468 1485 καὶ
488 1419 522 1485 ὃν
542 1418 688 1504 εἰλήφατ’
707 1418 757 1483 ἐπ’
777 1418 950 1505 αὐτοφώρῳ
968 1421 1098 1482 τοιαῦτα

79 1533 138 1601 146
153 1522 360 1602 πεποιηκότα,
385 1527 496 1587 τοῦτον
516 1521 660 1608 ἀφεῖναι;
684 1521 738 1587 καὶ
762 1521 808 1590 τίς
829 1519 864 1585 ού
885 1521 1011 1591 δικαίως
1026 1518 1098 1600 ὑμῖν
1114 1539 1168 1594 133

153 1621 324 1705 ἐγκαλέσει
346 1626 408 1686 τῶν
431 1621 541 1687 ἄλλων
562 1625 712 1696 πολιτῶν,
738 1627 866 1706 μᾶλλον
892 1622 918 1687 δ’
948 1621 1098 1688 ἁπάντων

153 1721 408 1804 τῶνἙλλήνων,
424 1722 504 1810 ὁρῶν
524 1724 683 1810 Φιλίππῳ
703 1725 761 1807 μὲν
779 1723 858 1805 ὑμᾶς
876 1723 1097 1811 ὀργιζομένους,

153 1825 188 1897 ὃς
210 1827 247 1892 ἐκ
267 1827 410 1910 πολέμου
430 1827 614 1909 ποιούμενος
634 1828 757 1914 εἰρήνην
773 1827 863 1914 παρὰ
876 1832 939 1893 τῶν
954 1829 1097 1893 πωλούν-

152 1955 219 1994 των
231 1927 296 1996 ’τὰς
314 1927 444 2015 πράξεις
461 1929 594 2009 ἐωνεῖτο,
610 1933 744 2015 πρᾶγμα
761 1930 888 2009 πολλὴν
909 1930 1096 2012 συγγνώμην

152 2030 230 2120 ἔχον
253 2030 526 2118 διαπραττόμενος,
545 2033 668 2098 τουτονὶ
689 2031 714 2097 δ’
736 2031 892 2121 ἀφιέντας,
912 2031 945 2104 ὃς
964 2031 1006 2098 τὰ
1025 2032 1096 2117 ὑμέ-

198 2216 277 2278 5145.
315 2219 375 2266 πᾶσι
386 2215 426 2264 ΑῙ.
440 2215 466 2265 S.
477 2215 634 2266 Υ.Ι(.θπασι
645 2217 729 2277 vulgo.
764 2219 802 2266 καί
815 2217 856 2265 τόν
867 2218 935 2279 ὅρκον
945 2217 974 2264 E.
987 2218 1017 2278 Q.
1031 2219 1060 2267 0.
1073 2235 1094 2269 r.

151 2285 170 2331 t.
186 2297 211 2331 u.
226 2296 251 2330 v.
268 2283 294 2329 et
309 2295 360 2330 reo.
379 2281 404 2329 S.
423 2282 463 2329 τόν
482 2283 541 2343 ὑπὲρ
557 2281 587 2329 E.
600 2282 630 2330 Y.
643 2281 672 2342 Q.
685 2281 715 2328 Ο.
727 2295 747 2328 r.
760 2283 780 2328 t.
792 2295 818 2328 u.
829 2296 854 2329 τ.
889 2280 1017 2330 Seheeter.
1038 2287 1096 2343 post

152 2349 300 2405 δικάσοντας,
313 2346 464 2404 ὀμωμοκότας
479 2344 704 2393 subdistinctiones
716 2345 812 2393 deletas
823 2346 929 2393 mavult.
965 2346 1095 2406 Equidem

151 2424 243 2458 omnes
253 2409 404 2470 hujusmodi
415 2407 641 2458 subdistinctiones
654 2409 703 2458 odi.
739 2409 789 2458 Sed
805 2409 903 2468 aliquid
918 2409 1025 2458 debetur
1035 2425 1093 2459 eon-

151 2473 234 2522 stenti
256 2473 392 2522 Editomm
413 2473 556 2523 consensui.
598 2473 659 2522 Mox
681 2476 805 2536 αὑτοφόρῳ
828 2473 853 2522 S.
878 2473 944 2522 “hie
966 2477 992 2523 et
1014 2475 1094 2524 nlibi¹’

149 2539 318 2586 Dmn.teste.

201 2603 281 2662 5146.
315 2604 453 2663 ἐγκαλέσειε
468 2616 489 2650 r.
508 2602 538 2651 ἅν
555 2603 608 2668 ύμῖν
624 2603 764 2664 ἐγκαλέσειε
781 2601 806 2650 k.
819 2615 838 2652 s.
854 2601 894 2650 A¹.
906 2602 978 2653 Horl.
1014 2603 1095 2652 Futu-

149 2681 210 2716 rum
222 2669 318 2715 καλέσω
327 2668 370 2714 vix
381 2666 455 2714 eredo
467 2667 575 2714 existere
589 2666 641 2714 nisi
655 2666 683 2714 in
696 2669 836 2728 compositis
849 2667 951 2726 (saltem
961 2667 990 2715 in
1001 2671 1094 2718 Atticis

150 2730 331 2792 scriptoribus3
349 2745 410 2780 nom
425 2731 454 2778 in
470 2730 573 2780 Aiistot.
588 2745 616 2779 11.
631 2731 716 2779 Ethie.
729 2731 783 2778 Nie.
796 2733 819 2788 7,
833 2731 864 2780 10
874 2735 1005 2790 καλέσομεν
1016 2733 1095 2781 edidit

148 2795 250 2855 Beki),
265 2809 285 2844 e.
294 2809 316 2855 g.
333 2798 504 2844 ἐκκαλέσεσθαι
514 2795 604 2844 Aesoh.
615 2795 681 2842 Tim.
694 2799 706 2855 ξ
719 2796 766 2846 174
778 2797 809 2842 24
822 2795 857 2844 St.
865 2796 939 2846 :169
948 2796 979 2844 R.
1013 2801 1094 2847 ἐπικα-

149 2863 250 2908 λέσεται
260 2859 320 2920 Lyo.
333 2874 353 2908 o.
368 2860 454 2907 Leoor.
467 2864 479 2918 ξ
492 2859 521 2909 17
534 2859 581 2907 150
594 2859 630 2908 St.
638 2860 713 2909 :149
725 2859 756 2906 R.
790 2863 967 2922 παρακαλέσειν
977 2861 1051 2909 Dem.
1064 2862 1095 2909 de

149 2922 241 2972 Chers.
253 2937 277 2984 p.
291 2925 321 2972 93
333 2927 346 2984 ς
358 2925 389 2970 14
401 2925 427 2985 [“
437 2925 533 2971 καλέσω
543 2922 656 2984 undique
667 2923 845 2984 expellendum
855 2924 906 2972 nisi
917 2924 1095 2986 conjunctivus

150 2989 206 3035 sit”
226 2987 312 3037 Cobet.
335 2987 394 3038 Ver.
415 2987 486 3037 Leet.
507 2988 589 3048 1228.
625 2988 706 3034 “Non
724 2988 799 3036 aliter
821 3003 897 3049 quem
914 2992 993 3051 γαμῶ,
1018 2992 1091 3049 καλῶ,

150 3055 257 3114 ἐγκαλῶ,
272 3055 394 3111 συγκαλῶ,
409 3052 481 3111 τελῶγ
494 3052 603 3108 διατελῶ,
617 3050 736 3110 ἀκσῦμαι”
752 3053 816 3100 Nov.
829 3053 897 3102 Leot.
916 3067 941 3113 p.
955 3054 993 3102 63.
1018 3053 1055 3101 Of.
1067 3068 1093 3113 p.

150 3118 219 3177 438}
253 3116 351 3163 Buttm.
364 3115 467 3176 quidem
480 3116 538 3178 (Irr.
557 3117 639 3173 Verte,
654 3131 680 3176 p.
694 3116 740 3163 141
756 3131 782 3164 n.
797 3115 907 3178 Τπσιωι.)
925 3117 988 3164 citet
1000 3119 1095 3166 καλέσω

150 3195 184 3229 ex
197 3179 318 3228 Aeschin.
335 3179 463 3228 Timereh.
480 3184 493 3240 ς
505 3179 536 3233 67
547 3193 571 3240 p.
585 3182 616 3228 10
629 3180 730 3230 St.=89
741 3180 772 3229 R.
792 3180 883 3242 (οὐκοῦν
899 3184 938 3228 καὶ
955 3182 1032 3228 αὐτὰν.
1043 3183 1096 3240 ὑμῖν

152 3247 250 3294 καλέσω
270 3245 311 3292 τόν
329 3245 505 3305 Ἡγήσανδρον.
545 3242 631 3292 Cobet.
653 3243 755 3304 reponit
778 3245 850 3293 καλῶ,
893 3243 943 3292 Sed
964 3244 999 3292 ibi
1021 3244 1096 3293 oredo

151 3311 241 3358 αοιίιι.
261 3309 414 3369 conjonctio-i
432 3322 487 3356 esse
505 3311 608 3357 καλέσω·
626 3311 659 3356 let
678 3323 715 3355 me
733 3309 799 3355 call:
822 3321 905 3368 neque
922 3307 993 3356 enim
1011 3308 1096 3358 obstat

186 3468 241 3515 382.
278 3465 369 3526 §itti
403 3467 427 3515 ὃς
445 3467 473 3513 έκ
496 3466 602 3522 πολέμου
649 3465 680 3520 it,
692 3461 709 3512 i.
719 3475 740 3510 e.
753 3461 797 3508 the
806 3462 912 3522 making
920 3468 1021 3524 peeoe.”
1049 3465 1096 3516 See

153 3531 248 3592 κ.τ.λ.]
289 3529 379 3577 “who
403 3529 478 3578 when
498 3528 602 3588 making
649 3527 729 3574 below
738 3541 764 3586 p.
776 3527 907 3586 4375343
923 3529 958 3588 τῷ
972 3529 1038 3592 πορθ
1050 3533 1098 3581 τῶν

152 3611 229 3659 peace
241 3596 307 3644 niter
318 3609 370 3643 war
382 3608 434 3644 was
445 3593 601 3654 purehasing
650 3589 795 3639 πωλούντων
806 3592 849 3640 τὰς
865 3591 961 3654 πράξεις
977 3595 1095 3645 ὠνεῖσθαι.

151 3665 220 3710 from
231 3661 306 3709 those
317 3659 375 3707 who
385 3673 451 3706 were
466 3658 563 3717 willing
574 3660 601 3704 to
648 3655 694 3704 ται
712 3653 808 3716 πράξεις
827 3656 928 3718 equally
944 3657 1048 3721 belongs
1067 3664 1095 3708 to

151 3727 198 3775 sell
210 3728 251 3775 the
260 3739 330 3788 ωαηι
338 3726 479 3772 andedam
488 3724 517 3786 os
526 3723 600 3783 ῶοὶιιρ
649 3723 791 3770 πωλούντων
802 3720 853 3769 end
863 3724 963 3771 έωνεῖτο.
