<?xml version="1.0" encoding="UTF-8"?>
<!DOCTYPE html PUBLIC "-//W3C//DTD XHTML 1.0 Transitional//EN"
    "http://www.w3.org/TR/xhtml1/DTD/xhtml1-transitional.dtd">
<html xmlns="http://www.w3.org/1999/xhtml" xml:lang="en" lang="en">
 <head>
  <title>
</title>
<meta http-equiv="Content-Type" content="text/html;charset=utf-8" />
  <meta name='ocr-system' content='tesseract 3.04.00' />
  <meta name='ocr-capabilities' content='ocr_page ocr_carea ocr_par ocr_line ocrx_word'/>
</head>
<body>
  <div class='ocr_page' id='page_1' title='image "./demosthenisdefa01shilgoog_0249.png"; bbox 0 0 2622 4206; ppageno 0'>
   <div class='ocr_carea' id='block_1_1' title="bbox 345 258 1076 343">
    <p class='ocr_par' dir='ltr' id='par_1_1' title="bbox 345 258 1076 343">
     <span class='ocr_line' id='line_1_1' title="bbox 345 258 1076 343; baseline 0 -18"><span class='ocrx_word' id='word_1_1' title='bbox 345 261 406 325; x_wconf 85' lang='lat' dir='ltr'>DE</span> <span class='ocrx_word' id='word_1_2' title='bbox 434 258 577 323; x_wconf 81' lang='lat' dir='ltr'>FALSA</span> <span class='ocrx_word' id='word_1_3' title='bbox 604 258 868 343; x_wconf 75' lang='lat' dir='ltr'><strong>LEGATIONE.</strong></span> <span class='ocrx_word' id='word_1_4' title='bbox 1015 260 1076 325; x_wconf 90' lang='grc'>229</span> 
     </span>
    </p>
   </div>
   <div class='ocr_carea' id='block_1_2' title="bbox 73 417 1144 1426">
    <p class='ocr_par' dir='ltr' id='par_1_2' title="bbox 73 417 1144 1426">
     <span class='ocr_line' id='line_1_2' title="bbox 141 417 1078 507; baseline -0.001 -23"><span class='ocrx_word' id='word_1_5' title='bbox 141 425 203 486; x_wconf 76' lang='grc' dir='ltr'>τῶν</span> <span class='ocrx_word' id='word_1_6' title='bbox 225 420 266 485; x_wconf 80' lang='grc' dir='ltr'>τὰ</span> <span class='ocrx_word' id='word_1_7' title='bbox 292 419 418 502; x_wconf 86' lang='grc' dir='ltr'>μέγιστ’</span> <span class='ocrx_word' id='word_1_8' title='bbox 442 419 549 503; x_wconf 78' lang='grc' dir='ltr'>ἀγαθὰ</span> <span class='ocrx_word' id='word_1_9' title='bbox 571 420 651 500; x_wconf 76' lang='grc' dir='ltr'>ὑμᾶς</span> <span class='ocrx_word' id='word_1_10' title='bbox 675 419 896 507; x_wconf 72' lang='grc' dir='ltr'>εἰργασμένων,</span> <span class='ocrx_word' id='word_1_11' title='bbox 920 417 972 489; x_wconf 75' lang='grc' dir='ltr'>οὓς</span> <span class='ocrx_word' id='word_1_12' title='bbox 995 419 1078 505; x_wconf 81' lang='grc' dir='ltr'>νόμῳ</span> 
     </span>
     <span class='ocr_line' id='line_1_3' title="bbox 141 520 1078 609; baseline 0.003 -21"><span class='ocrx_word' id='word_1_13' title='bbox 141 524 194 589; x_wconf 81' lang='grc' dir='ltr'>διὰ</span> <span class='ocrx_word' id='word_1_14' title='bbox 221 524 277 593; x_wconf 82' lang='grc' dir='ltr'>τὰς</span> <span class='ocrx_word' id='word_1_15' title='bbox 301 520 486 608; x_wconf 76' lang='grc' dir='ltr'>εὐεργεσίας,</span> <span class='ocrx_word' id='word_1_16' title='bbox 510 521 547 592; x_wconf 80' lang='grc' dir='ltr'>ἃς</span> <span class='ocrx_word' id='word_1_17' title='bbox 572 522 715 609; x_wconf 77' lang='grc' dir='ltr'>ὑπῆρξαν</span> <span class='ocrx_word' id='word_1_18' title='bbox 738 524 781 592; x_wconf 84' lang='grc' dir='ltr'>εἰς</span> <span class='ocrx_word' id='word_1_19' title='bbox 804 525 892 606; x_wconf 81' lang='grc' dir='ltr'>ὑμᾶς,</span> <span class='ocrx_word' id='word_1_20' title='bbox 918 525 951 589; x_wconf 84' lang='grc' dir='ltr'>ἐν</span> <span class='ocrx_word' id='word_1_21' title='bbox 973 521 1078 591; x_wconf 81' lang='grc' dir='ltr'>ίίπασι</span> 
     </span>
     <span class='ocr_line' id='line_1_4' title="bbox 140 623 1079 710; baseline -0.001 -20"><span class='ocrx_word' id='word_1_22' title='bbox 140 631 206 693; x_wconf 87' lang='grc' dir='ltr'>τοῖς</span> <span class='ocrx_word' id='word_1_23' title='bbox 231 623 321 710; x_wconf 85' lang='grc' dir='ltr'>ἱεροῖς</span> <span class='ocrx_word' id='word_1_24' title='bbox 346 626 400 689; x_wconf 83' lang='grc' dir='ltr'>ἐπὶ</span> <span class='ocrx_word' id='word_1_25' title='bbox 428 630 498 695; x_wconf 84' lang='grc' dir='ltr'>ταῖς</span> <span class='ocrx_word' id='word_1_26' title='bbox 522 625 646 694; x_wconf 80' lang='grc' dir='ltr'>θυσίαις</span> <span class='ocrx_word' id='word_1_27' title='bbox 670 625 817 690; x_wconf 79' lang='grc' dir='ltr'>σπονδῶν</span> <span class='ocrx_word' id='word_1_28' title='bbox 840 628 893 690; x_wconf 82' lang='grc' dir='ltr'>καὶ</span> <span class='ocrx_word' id='word_1_29' title='bbox 916 625 1079 710; x_wconf 82' lang='grc' dir='ltr'>κρατήρων</span> 
     </span>
     <span class='ocr_line' id='line_1_5' title="bbox 141 726 1078 814; baseline 0.001 -22"><span class='ocrx_word' id='word_1_30' title='bbox 141 727 303 797; x_wconf 80' lang='grc' dir='ltr'>κοινωνοὺς</span> <span class='ocrx_word' id='word_1_31' title='bbox 328 727 506 806; x_wconf 82' lang='grc' dir='ltr'>πεποίησθε</span> <span class='ocrx_word' id='word_1_32' title='bbox 535 727 588 791; x_wconf 84' lang='grc' dir='ltr'>καὶ</span> <span class='ocrx_word' id='word_1_33' title='bbox 613 726 704 814; x_wconf 79' lang='grc' dir='ltr'>ᾄδετε</span> <span class='ocrx_word' id='word_1_34' title='bbox 732 728 786 793; x_wconf 87' lang='grc' dir='ltr'>καὶ</span> <span class='ocrx_word' id='word_1_35' title='bbox 810 731 923 807; x_wconf 77' lang='grc' dir='ltr'>τιμᾶτε</span> <span class='ocrx_word' id='word_1_36' title='bbox 946 729 982 811; x_wconf 78' lang='grc' dir='ltr'>ἐξ</span> <span class='ocrx_word' id='word_1_37' title='bbox 1006 731 1078 793; x_wconf 81' lang='grc' dir='ltr'>ἴσον</span> 
     </span>
     <span class='ocr_line' id='line_1_6' title="bbox 73 825 1144 913; baseline 0.004 -21"><span class='ocrx_word' id='word_1_38' title='bbox 73 855 129 910; x_wconf 86' lang='lat'>322</span> <span class='ocrx_word' id='word_1_39' title='bbox 141 835 206 906; x_wconf 85' lang='grc' dir='ltr'>τοῖς</span> <span class='ocrx_word' id='word_1_40' title='bbox 227 825 328 913; x_wconf 74' lang='grc' dir='ltr'>ἥρωσι</span> <span class='ocrx_word' id='word_1_41' title='bbox 348 828 401 892; x_wconf 85' lang='grc' dir='ltr'>καὶ</span> <span class='ocrx_word' id='word_1_42' title='bbox 420 833 485 896; x_wconf 84' lang='grc' dir='ltr'>τοῖς</span> <span class='ocrx_word' id='word_1_43' title='bbox 506 829 594 905; x_wconf 87' lang='grc' dir='ltr'>θεοῖς,</span> <span class='ocrx_word' id='word_1_44' title='bbox 609 828 737 898; x_wconf 74' lang='grc' dir='ltr'>τούτους</span> <span class='ocrx_word' id='word_1_45' title='bbox 754 829 812 907; x_wconf 82' lang='grc' dir='ltr'>μὲν</span> <span class='ocrx_word' id='word_1_46' title='bbox 831 829 952 897; x_wconf 84' lang='grc' dir='ltr'>πάντας</span> <span class='ocrx_word' id='word_1_47' title='bbox 971 828 1029 909; x_wconf 77' lang='grc' dir='ltr'>τὴν</span> <span class='ocrx_word' id='word_1_48' title='bbox 1043 831 1078 896; x_wconf 85' lang='grc' dir='ltr'>ἐκ</span> <span class='ocrx_word' id='word_1_49' title='bbox 1091 840 1144 896; x_wconf 86' lang='lat'>281</span> 
     </span>
     <span class='ocr_line' id='line_1_7' title="bbox 140 929 1080 1016; baseline -0.001 -19"><span class='ocrx_word' id='word_1_50' title='bbox 140 936 203 997; x_wconf 84' lang='grc' dir='ltr'>τῶν</span> <span class='ocrx_word' id='word_1_51' title='bbox 225 932 327 1014; x_wconf 88' lang='grc' dir='ltr'>νόμων</span> <span class='ocrx_word' id='word_1_52' title='bbox 349 930 438 1010; x_wconf 83' lang='grc' dir='ltr'>δίκην</span> <span class='ocrx_word' id='word_1_53' title='bbox 463 929 685 1016; x_wconf 76' lang='grc' dir='ltr'>ὑπεσχηκέναι,</span> <span class='ocrx_word' id='word_1_54' title='bbox 711 932 765 996; x_wconf 85' lang='grc' dir='ltr'>καὶ</span> <span class='ocrx_word' id='word_1_55' title='bbox 787 932 867 1013; x_wconf 81' lang='grc' dir='ltr'>μήτε</span> <span class='ocrx_word' id='word_1_56' title='bbox 890 931 1080 1014; x_wconf 80' lang='grc' dir='ltr'>συγγνώμην</span> 
     </span>
     <span class='ocr_line' id='line_1_8' title="bbox 140 1032 1079 1118; baseline -0.001 -18"><span class='ocrx_word' id='word_1_57' title='bbox 140 1034 211 1117; x_wconf 85' lang='grc' dir='ltr'>μήτ’</span> <span class='ocrx_word' id='word_1_58' title='bbox 238 1035 327 1100; x_wconf 81' lang='grc' dir='ltr'>ἔλεον</span> <span class='ocrx_word' id='word_1_59' title='bbox 349 1033 428 1115; x_wconf 79' lang='grc' dir='ltr'>μήτε</span> <span class='ocrx_word' id='word_1_60' title='bbox 449 1032 562 1098; x_wconf 85' lang='grc' dir='ltr'>παιδία</span> <span class='ocrx_word' id='word_1_61' title='bbox 584 1033 724 1098; x_wconf 84' lang='grc' dir='ltr'>κλάοντα</span> <span class='ocrx_word' id='word_1_62' title='bbox 746 1033 893 1114; x_wconf 83' lang='grc' dir='ltr'>ὁμώνυμα</span> <span class='ocrx_word' id='word_1_63' title='bbox 915 1036 977 1098; x_wconf 79' lang='grc' dir='ltr'>τῶν</span> <span class='ocrx_word' id='word_1_64' title='bbox 998 1033 1079 1118; x_wconf 78' lang='grc' dir='ltr'>εὐερ-</span> 
     </span>
     <span class='ocr_line' id='line_1_9' title="bbox 139 1132 1080 1221; baseline -0.004 -18"><span class='ocrx_word' id='word_1_65' title='bbox 139 1141 239 1221; x_wconf 82' lang='grc' dir='ltr'>γετῶν</span> <span class='ocrx_word' id='word_1_66' title='bbox 260 1135 330 1218; x_wconf 79' lang='grc' dir='ltr'>μήτ’</span> <span class='ocrx_word' id='word_1_67' title='bbox 354 1134 438 1198; x_wconf 82' lang='grc' dir='ltr'>ἄλλο</span> <span class='ocrx_word' id='word_1_68' title='bbox 466 1133 563 1216; x_wconf 86' lang='grc' dir='ltr'>μηδὲν</span> <span class='ocrx_word' id='word_1_69' title='bbox 591 1132 702 1204; x_wconf 77' lang='grc' dir='ltr'>αὐτοὺς</span> <span class='ocrx_word' id='word_1_70' title='bbox 732 1133 933 1219; x_wconf 80' lang='grc' dir='ltr'>ὠφεληκέναι,</span> <span class='ocrx_word' id='word_1_71' title='bbox 964 1133 1018 1199; x_wconf 87' lang='grc' dir='ltr'>τὸν</span> <span class='ocrx_word' id='word_1_72' title='bbox 1046 1132 1080 1199; x_wconf 81' lang='grc' dir='ltr'>δὲ</span> 
     </span>
     <span class='ocr_line' id='line_1_10' title="bbox 140 1236 1080 1324; baseline -0.003 -20"><span class='ocrx_word' id='word_1_73' title='bbox 140 1238 339 1324; x_wconf 78' lang='grc' dir='ltr'>Ἀτρομήτου</span> <span class='ocrx_word' id='word_1_74' title='bbox 366 1243 422 1303; x_wconf 86' lang='grc' dir='ltr'>τοῦ</span> <span class='ocrx_word' id='word_1_75' title='bbox 446 1240 689 1320; x_wconf 73' lang='grc' dir='ltr'>γραμματιστοῦ</span> <span class='ocrx_word' id='word_1_76' title='bbox 716 1238 769 1302; x_wconf 87' lang='grc' dir='ltr'>καὶ</span> <span class='ocrx_word' id='word_1_77' title='bbox 799 1236 998 1306; x_wconf 79' lang='grc' dir='ltr'>Γλαυκοθέας</span> <span class='ocrx_word' id='word_1_78' title='bbox 1025 1240 1080 1318; x_wconf 81' lang='grc' dir='ltr'>τῆς</span> 
     </span>
     <span class='ocr_line' id='line_1_11' title="bbox 141 1337 1080 1426; baseline -0.004 -18"><span class='ocrx_word' id='word_1_79' title='bbox 141 1343 211 1413; x_wconf 87' lang='grc' dir='ltr'>τοὺς</span> <span class='ocrx_word' id='word_1_80' title='bbox 235 1343 366 1411; x_wconf 83' lang='grc' dir='ltr'>θιάσους</span> <span class='ocrx_word' id='word_1_81' title='bbox 389 1340 599 1422; x_wconf 78' lang='grc' dir='ltr'>συναγούσης,</span> <span class='ocrx_word' id='word_1_82' title='bbox 623 1337 671 1424; x_wconf 82' lang='grc' dir='ltr'>ἐφ’</span> <span class='ocrx_word' id='word_1_83' title='bbox 696 1337 742 1409; x_wconf 77' lang='grc' dir='ltr'>οἷς</span> <span class='ocrx_word' id='word_1_84' title='bbox 765 1337 856 1426; x_wconf 78' lang='grc' dir='ltr'>ἑτέρα</span> <span class='ocrx_word' id='word_1_85' title='bbox 875 1340 1022 1420; x_wconf 87' lang='grc' dir='ltr'>τέθνηκεν</span> <span class='ocrx_word' id='word_1_86' title='bbox 1040 1338 1080 1404; x_wconf 83' lang='grc' dir='ltr'>ίέ·</span> 
     </span>
    </p>
   </div>
   <div class='ocr_carea' id='block_1_3' title="bbox 140 1513 1083 2153">
    <p class='ocr_par' dir='ltr' id='par_1_3' title="bbox 140 1513 1083 1962">
     <span class='ocr_line' id='line_1_12' title="bbox 140 1513 1081 1580; baseline -0.004 -14"><span class='ocrx_word' id='word_1_87' title='bbox 140 1516 289 1580; x_wconf 79' lang='lat' dir='ltr'>supplevit&#39;’</span> <span class='ocrx_word' id='word_1_88' title='bbox 303 1518 394 1579; x_wconf 76' lang='lat' dir='ltr'>Drun]</span> <span class='ocrx_word' id='word_1_89' title='bbox 408 1516 433 1566; x_wconf 83' lang='lat' dir='ltr'>k.</span> <span class='ocrx_word' id='word_1_90' title='bbox 447 1529 467 1564; x_wconf 90' lang='lat' dir='ltr'>e.</span> <span class='ocrx_word' id='word_1_91' title='bbox 476 1515 517 1563; x_wconf 65' lang='grc' dir='ltr'>ΑΙ.</span> <span class='ocrx_word' id='word_1_92' title='bbox 529 1515 579 1562; x_wconf 83' lang='lat' dir='ltr'>En.</span> <span class='ocrx_word' id='word_1_93' title='bbox 596 1513 686 1564; x_wconf 80' lang='lat' dir='ltr'>Turne.</span> <span class='ocrx_word' id='word_1_94' title='bbox 701 1515 784 1565; x_wconf 80' lang='lat' dir='ltr'>Vosu.</span> <span class='ocrx_word' id='word_1_95' title='bbox 802 1515 886 1562; x_wconf 77' lang='lat' dir='ltr'>Brun.</span> <span class='ocrx_word' id='word_1_96' title='bbox 899 1515 931 1562; x_wconf 87' lang='lat' dir='ltr'>st.</span> <span class='ocrx_word' id='word_1_97' title='bbox 964 1513 1081 1563; x_wconf 77' lang='lat' dir='ltr'>Eandem</span> 
     </span>
     <span class='ocr_line' id='line_1_13' title="bbox 141 1579 1081 1643; baseline -0.002 -15"><span class='ocrx_word' id='word_1_98' title='bbox 141 1583 291 1630; x_wconf 83' lang='lat' dir='ltr'>varietatem</span> <span class='ocrx_word' id='word_1_99' title='bbox 307 1581 428 1643; x_wconf 77' lang='lat' dir='ltr'>praebent</span> <span class='ocrx_word' id='word_1_100' title='bbox 443 1579 502 1628; x_wconf 86' lang='lat' dir='ltr'>libri</span> <span class='ocrx_word' id='word_1_101' title='bbox 518 1579 547 1626; x_wconf 91' lang='lat' dir='ltr'>in</span> <span class='ocrx_word' id='word_1_102' title='bbox 563 1579 664 1639; x_wconf 86' lang='lat' dir='ltr'>Leptin.</span> <span class='ocrx_word' id='word_1_103' title='bbox 680 1594 704 1640; x_wconf 90' lang='lat' dir='ltr'>p.</span> <span class='ocrx_word' id='word_1_104' title='bbox 715 1580 763 1628; x_wconf 80' lang='grc'>462</span> <span class='ocrx_word' id='word_1_105' title='bbox 780 1583 792 1640; x_wconf 72' lang='lat'><strong>5</strong></span> <span class='ocrx_word' id='word_1_106' title='bbox 807 1580 844 1629; x_wconf 89' lang='grc'>20.</span> <span class='ocrx_word' id='word_1_107' title='bbox 881 1579 941 1626; x_wconf 84' lang='lat' dir='ltr'>Mox</span> <span class='ocrx_word' id='word_1_108' title='bbox 958 1580 1017 1641; x_wconf 82' lang='grc' dir='ltr'>[καὶ]</span> <span class='ocrx_word' id='word_1_109' title='bbox 1033 1580 1081 1626; x_wconf 83' lang='grc' dir='ltr'>τῶν</span> 
     </span>
     <span class='ocr_line' id='line_1_14' title="bbox 140 1643 1081 1708; baseline -0.005 -13"><span class='ocrx_word' id='word_1_110' title='bbox 140 1647 224 1695; x_wconf 78' lang='lat' dir='ltr'>anx.</span> <span class='ocrx_word' id='word_1_111' title='bbox 238 1648 287 1708; x_wconf 76' lang='grc' dir='ltr'>[καὶ</span> <span class='ocrx_word' id='word_1_112' title='bbox 299 1648 341 1707; x_wconf 81' lang='lat' dir='ltr'>et]</span> <span class='ocrx_word' id='word_1_113' title='bbox 354 1660 404 1692; x_wconf 86' lang='lat' dir='ltr'>om.</span> <span class='ocrx_word' id='word_1_114' title='bbox 418 1648 458 1693; x_wconf 71' lang='lat'>6¹⁷¹.</span> <span class='ocrx_word' id='word_1_115' title='bbox 470 1645 548 1692; x_wconf 77' lang='lat' dir='ltr'>Dum.</span> <span class='ocrx_word' id='word_1_116' title='bbox 582 1643 724 1691; x_wconf 81' lang='lat' dir='ltr'>Delendum</span> <span class='ocrx_word' id='word_1_117' title='bbox 738 1645 843 1691; x_wconf 84' lang='lat' dir='ltr'>censent</span> <span class='ocrx_word' id='word_1_118' title='bbox 856 1643 956 1691; x_wconf 72' lang='lat' dir='ltr'>Manna</span> <span class='ocrx_word' id='word_1_119' title='bbox 969 1643 1081 1691; x_wconf 76' lang='lat' dir='ltr'>Trraoa.</span> 
     </span>
     <span class='ocr_line' id='line_1_15' title="bbox 142 1707 1081 1770; baseline -0.004 -11"><span class='ocrx_word' id='word_1_120' title='bbox 142 1709 250 1760; x_wconf 67' lang='grc' dir='ltr'>θεων.</span> <span class='ocrx_word' id='word_1_121' title='bbox 282 1709 343 1757; x_wconf 73' lang='lat' dir='ltr'>vid.</span> <span class='ocrx_word' id='word_1_122' title='bbox 355 1710 534 1768; x_wconf 70' lang='lat' dir='ltr'>not—tacis</span> <span class='ocrx_word' id='word_1_123' title='bbox 546 1709 705 1770; x_wconf 77' lang='grc' dir='ltr'>εἰργασμένων</span> <span class='ocrx_word' id='word_1_124' title='bbox 715 1711 841 1755; x_wconf 84' lang='lat' dir='ltr'>correctus</span> <span class='ocrx_word' id='word_1_125' title='bbox 852 1707 877 1754; x_wconf 89' lang='lat' dir='ltr'>k.</span> <span class='ocrx_word' id='word_1_126' title='bbox 911 1709 971 1768; x_wconf 75' lang='grc' dir='ltr'>ημᾶς</span> <span class='ocrx_word' id='word_1_127' title='bbox 986 1710 1081 1769; x_wconf 79' lang='grc' dir='ltr'>εἰργασ-</span> 
     </span>
     <span class='ocr_line' id='line_1_16' title="bbox 140 1771 1081 1834; baseline -0.005 -11"><span class='ocrx_word' id='word_1_128' title='bbox 140 1778 216 1834; x_wconf 81' lang='grc' dir='ltr'>μένων</span> <span class='ocrx_word' id='word_1_129' title='bbox 233 1773 259 1822; x_wconf 82' lang='lat' dir='ltr'>S.</span> <span class='ocrx_word' id='word_1_130' title='bbox 275 1773 304 1822; x_wconf 88' lang='lat' dir='ltr'>Y.</span> <span class='ocrx_word' id='word_1_131' title='bbox 320 1774 348 1833; x_wconf 82' lang='lat' dir='ltr'>Q.</span> <span class='ocrx_word' id='word_1_132' title='bbox 366 1789 387 1821; x_wconf 91' lang='lat' dir='ltr'>r.</span> <span class='ocrx_word' id='word_1_133' title='bbox 421 1774 482 1831; x_wconf 78' lang='grc' dir='ltr'>ἡμᾶς</span> <span class='ocrx_word' id='word_1_134' title='bbox 498 1775 649 1834; x_wconf 75' lang='grc' dir='ltr'>ἐργασμένον</span> <span class='ocrx_word' id='word_1_135' title='bbox 665 1771 694 1819; x_wconf 93' lang='grc' dir='ltr'>Ο.</span> <span class='ocrx_word' id='word_1_136' title='bbox 710 1773 728 1820; x_wconf 91' lang='lat' dir='ltr'>t.</span> <span class='ocrx_word' id='word_1_137' title='bbox 744 1786 769 1818; x_wconf 84' lang='lat' dir='ltr'>u.</span> <span class='ocrx_word' id='word_1_138' title='bbox 786 1786 811 1819; x_wconf 84' lang='lat' dir='ltr'>v.</span> <span class='ocrx_word' id='word_1_139' title='bbox 845 1773 1012 1834; x_wconf 77' lang='grc' dir='ltr'>εἰργασμένων,</span> <span class='ocrx_word' id='word_1_140' title='bbox 1030 1785 1081 1818; x_wconf 89' lang='lat' dir='ltr'>om.</span> 
     </span>
     <span class='ocr_line' id='line_1_17' title="bbox 140 1835 1083 1950; baseline -0.002 -64"><span class='ocrx_word' id='word_1_141' title='bbox 140 1837 299 1950; x_wconf 62' lang='lat' dir='ltr'>proncppline,</span> <span class='ocrx_word' id='word_1_142' title='bbox 322 1837 363 1886; x_wconf 61' lang='grc' dir='ltr'>ΑΙ.</span> <span class='ocrx_word' id='word_1_143' title='bbox 396 1840 547 1900; x_wconf 78' lang='grc' dir='ltr'>ἐργασμένον</span> <span class='ocrx_word' id='word_1_144' title='bbox 568 1837 626 1895; x_wconf 79' lang='grc' dir='ltr'>ὑμᾶς</span> <span class='ocrx_word' id='word_1_145' title='bbox 647 1835 728 1896; x_wconf 87' lang='lat' dir='ltr'>vulgo.</span> <span class='ocrx_word' id='word_1_146' title='bbox 764 1835 825 1884; x_wconf 82' lang='lat' dir='ltr'>Mox</span> <span class='ocrx_word' id='word_1_147' title='bbox 844 1837 903 1896; x_wconf 80' lang='grc' dir='ltr'>ὑμᾶς</span> <span class='ocrx_word' id='word_1_148' title='bbox 920 1837 946 1885; x_wconf 67' lang='lat' dir='ltr'>lc</span> <span class='ocrx_word' id='word_1_149' title='bbox 963 1851 984 1884; x_wconf 93' lang='lat' dir='ltr'>r.</span> <span class='ocrx_word' id='word_1_150' title='bbox 1002 1849 1021 1885; x_wconf 86' lang='lat' dir='ltr'>s.</span> <span class='ocrx_word' id='word_1_151' title='bbox 1041 1835 1083 1884; x_wconf 69' lang='grc' dir='ltr'>Δῑ.</span> 
     </span>
     <span class='ocr_line' id='line_1_18' title="bbox 141 1904 298 1962; baseline 0 -12"><span class='ocrx_word' id='word_1_152' title='bbox 141 1904 203 1962; x_wconf 77' lang='grc' dir='ltr'>ἡμᾶς</span> <span class='ocrx_word' id='word_1_153' title='bbox 258 1916 298 1962; x_wconf 80' lang='lat' dir='ltr'>g0.</span> 
     </span>
    </p>

    <p class='ocr_par' dir='ltr' id='par_1_4' title="bbox 141 1963 1083 2153">
     <span class='ocr_line' id='line_1_19' title="bbox 189 1963 1083 2026; baseline -0.001 -13"><span class='ocrx_word' id='word_1_154' title='bbox 189 1968 269 2026; x_wconf 73' lang='lat'>5322.</span> <span class='ocrx_word' id='word_1_155' title='bbox 306 1966 420 2015; x_wconf 80' lang='grc' dir='ltr'>κλαίοντα</span> <span class='ocrx_word' id='word_1_156' title='bbox 432 1963 458 2014; x_wconf 81' lang='lat' dir='ltr'>S.</span> <span class='ocrx_word' id='word_1_157' title='bbox 470 1963 510 2014; x_wconf 77' lang='lat' dir='ltr'>h1.</span> <span class='ocrx_word' id='word_1_158' title='bbox 546 1963 738 2024; x_wconf 58' lang='grc' dir='ltr'>κλᾴονθλοαιι.</span> <span class='ocrx_word' id='word_1_159' title='bbox 767 1963 829 2011; x_wconf 82' lang='lat' dir='ltr'>Post</span> <span class='ocrx_word' id='word_1_160' title='bbox 841 1966 922 2013; x_wconf 85' lang='grc' dir='ltr'>οὐδένα</span> <span class='ocrx_word' id='word_1_161' title='bbox 932 1965 981 2012; x_wconf 71' lang='grc' dir='ltr'>τῶν</span> <span class='ocrx_word' id='word_1_162' title='bbox 990 1967 1083 2020; x_wconf 86' lang='grc' dir='ltr'>τοὺτον,</span> 
     </span>
     <span class='ocr_line' id='line_1_20' title="bbox 142 2027 1082 2090; baseline 0 -11"><span class='ocrx_word' id='word_1_163' title='bbox 142 2031 250 2090; x_wconf 78' lang='grc' dir='ltr'>ἀφήσετε</span> <span class='ocrx_word' id='word_1_164' title='bbox 261 2031 360 2090; x_wconf 87' lang='lat' dir='ltr'>ponunt</span> <span class='ocrx_word' id='word_1_165' title='bbox 371 2029 399 2078; x_wconf 86' lang='lat' dir='ltr'>F.</span> <span class='ocrx_word' id='word_1_166' title='bbox 414 2029 439 2078; x_wconf 85' lang='lat' dir='ltr'>S.</span> <span class='ocrx_word' id='word_1_167' title='bbox 452 2029 481 2076; x_wconf 86' lang='lat' dir='ltr'>Y.</span> <span class='ocrx_word' id='word_1_168' title='bbox 495 2028 522 2088; x_wconf 81' lang='lat' dir='ltr'>Q.</span> <span class='ocrx_word' id='word_1_169' title='bbox 538 2027 568 2076; x_wconf 92' lang='grc' dir='ltr'>Ο.</span> <span class='ocrx_word' id='word_1_170' title='bbox 579 2031 599 2074; x_wconf 87' lang='lat' dir='ltr'>t.</span> <span class='ocrx_word' id='word_1_171' title='bbox 610 2042 635 2076; x_wconf 92' lang='lat' dir='ltr'>u.</span> <span class='ocrx_word' id='word_1_172' title='bbox 648 2041 672 2078; x_wconf 81' lang='lat' dir='ltr'>v.</span> <span class='ocrx_word' id='word_1_173' title='bbox 687 2030 748 2076; x_wconf 86' lang='lat' dir='ltr'>vett.</span> <span class='ocrx_word' id='word_1_174' title='bbox 761 2027 827 2080; x_wconf 84' lang='lat' dir='ltr'>Edd.</span> <span class='ocrx_word' id='word_1_175' title='bbox 839 2028 889 2077; x_wconf 84' lang='lat' dir='ltr'>En.</span> <span class='ocrx_word' id='word_1_176' title='bbox 902 2029 992 2078; x_wconf 71' lang='lat' dir='ltr'>Turro.</span> <span class='ocrx_word' id='word_1_177' title='bbox 1003 2030 1082 2080; x_wconf 81' lang='lat' dir='ltr'>Dmn.</span> 
     </span>
     <span class='ocr_line' id='line_1_21' title="bbox 141 2091 628 2153; baseline -0.002 -11"><span class='ocrx_word' id='word_1_178' title='bbox 141 2093 227 2142; x_wconf 81' lang='lat' dir='ltr'>Vorn.</span> <span class='ocrx_word' id='word_1_179' title='bbox 239 2094 323 2142; x_wconf 69' lang='grc' dir='ltr'>Βαίας.</span> <span class='ocrx_word' id='word_1_180' title='bbox 337 2096 369 2140; x_wconf 92' lang='lat' dir='ltr'>et.</span> <span class='ocrx_word' id='word_1_181' title='bbox 382 2093 514 2153; x_wconf 75' lang='lat' dir='ltr'>utrobique</span> <span class='ocrx_word' id='word_1_182' title='bbox 525 2091 597 2152; x_wconf 87' lang='lat' dir='ltr'>ponit</span> <span class='ocrx_word' id='word_1_183' title='bbox 608 2106 628 2142; x_wconf 84' lang='lat' dir='ltr'>r.</span> 
     </span>
    </p>
   </div>
   <div class='ocr_carea' id='block_1_4' title="bbox 142 2256 1120 3796">
    <p class='ocr_par' dir='ltr' id='par_1_5' title="bbox 142 2256 1120 3796">
     <span class='ocr_line' id='line_1_22' title="bbox 173 2256 1083 2322; baseline 0.002 -15"><span class='ocrx_word' id='word_1_184' title='bbox 173 2258 256 2322; x_wconf 54' lang='lat'>5321.</span> <span class='ocrx_word' id='word_1_185' title='bbox 285 2262 300 2284; x_wconf 82' lang='lat'>‘⁴</span> <span class='ocrx_word' id='word_1_186' title='bbox 309 2257 367 2304; x_wconf 73' lang='lat' dir='ltr'>And</span> <span class='ocrx_word' id='word_1_187' title='bbox 377 2257 422 2305; x_wconf 89' lang='lat' dir='ltr'>the</span> <span class='ocrx_word' id='word_1_188' title='bbox 434 2256 590 2306; x_wconf 83' lang='lat' dir='ltr'>descendant</span> <span class='ocrx_word' id='word_1_189' title='bbox 639 2257 865 2320; x_wconf 74' lang='lat' dir='ltr'>558t.=11sn.)</span> <span class='ocrx_word' id='word_1_190' title='bbox 898 2259 1039 2322; x_wconf 78' lang='lat' dir='ltr'>According</span> <span class='ocrx_word' id='word_1_191' title='bbox 1056 2263 1083 2309; x_wconf 84' lang='lat' dir='ltr'>to</span> 
     </span>
     <span class='ocr_line' id='line_1_23' title="bbox 142 2321 1084 2384; baseline 0 -11"><span class='ocrx_word' id='word_1_192' title='bbox 142 2324 168 2374; x_wconf 84' lang='lat' dir='ltr'>of</span> <span class='ocrx_word' id='word_1_193' title='bbox 183 2321 342 2371; x_wconf 75' lang='lat' dir='ltr'>Harmodius</span> <span class='ocrx_word' id='word_1_194' title='bbox 358 2321 410 2368; x_wconf 89' lang='lat' dir='ltr'>and</span> <span class='ocrx_word' id='word_1_195' title='bbox 422 2322 587 2382; x_wconf 82' lang='lat' dir='ltr'>Aristogiton,</span> <span class='ocrx_word' id='word_1_196' title='bbox 640 2323 742 2384; x_wconf 88' lang='lat' dir='ltr'>Ulpian,</span> <span class='ocrx_word' id='word_1_197' title='bbox 755 2322 807 2370; x_wconf 89' lang='lat' dir='ltr'>this</span> <span class='ocrx_word' id='word_1_198' title='bbox 821 2337 871 2371; x_wconf 85' lang='lat' dir='ltr'>was</span> <span class='ocrx_word' id='word_1_199' title='bbox 885 2324 1022 2384; x_wconf 88' lang='lat' dir='ltr'>Proxenus,</span> <span class='ocrx_word' id='word_1_200' title='bbox 1039 2325 1084 2373; x_wconf 86' lang='lat' dir='ltr'>the</span> 
     </span>
     <span class='ocr_line' id='line_1_24' title="bbox 142 2385 1083 2450; baseline 0.002 -14"><span class='ocrx_word' id='word_1_201' title='bbox 142 2403 190 2450; x_wconf 82' lang='grc' dir='ltr'>αγα</span> <span class='ocrx_word' id='word_1_202' title='bbox 213 2389 273 2448; x_wconf 80' lang='grc' dir='ltr'>(καὶ)</span> <span class='ocrx_word' id='word_1_203' title='bbox 296 2387 323 2432; x_wconf 85' lang='lat' dir='ltr'>oi</span> <span class='ocrx_word' id='word_1_204' title='bbox 350 2385 423 2433; x_wconf 85' lang='lat' dir='ltr'>those</span> <span class='ocrx_word' id='word_1_205' title='bbox 443 2385 500 2433; x_wconf 89' lang='lat' dir='ltr'>who</span> <span class='ocrx_word' id='word_1_206' title='bbox 525 2386 590 2434; x_wconf 87' lang='lat' dir='ltr'>have</span> <span class='ocrx_word' id='word_1_207' title='bbox 639 2387 1083 2448; x_wconf 66' lang='lat' dir='ltr'>admiralalreadymentioned556,</span> 
     </span>
     <span class='ocr_line' id='line_1_25' title="bbox 142 2449 1082 2512; baseline 0.003 -13"><span class='ocrx_word' id='word_1_208' title='bbox 142 2451 259 2510; x_wconf 86' lang='lat' dir='ltr'>wrought</span> <span class='ocrx_word' id='word_1_209' title='bbox 281 2449 326 2497; x_wconf 90' lang='lat' dir='ltr'>the</span> <span class='ocrx_word' id='word_1_210' title='bbox 351 2451 461 2510; x_wconf 76' lang='lat' dir='ltr'>greatest</span> <span class='ocrx_word' id='word_1_211' title='bbox 484 2449 589 2498; x_wconf 83' lang='lat' dir='ltr'>services</span> <span class='ocrx_word' id='word_1_212' title='bbox 639 2453 697 2510; x_wconf 66' lang='lat'>558.</span> <span class='ocrx_word' id='word_1_213' title='bbox 715 2451 762 2498; x_wconf 84' lang='lat' dir='ltr'>See</span> <span class='ocrx_word' id='word_1_214' title='bbox 772 2451 922 2498; x_wconf 84' lang='lat' dir='ltr'>Boehnecke</span> <span class='ocrx_word' id='word_1_215' title='bbox 930 2453 1082 2512; x_wconf 76' lang='lat' dir='ltr'>Forsctuag.</span> 
     </span>
     <span class='ocr_line' id='line_1_26' title="bbox 142 2513 1084 2578; baseline 0.001 -15"><span class='ocrx_word' id='word_1_216' title='bbox 142 2514 253 2564; x_wconf 84' lang='lat' dir='ltr'>towards</span> <span class='ocrx_word' id='word_1_217' title='bbox 271 2516 348 2574; x_wconf 85' lang='lat' dir='ltr'>you.&#39;’</span> <span class='ocrx_word' id='word_1_218' title='bbox 383 2513 436 2562; x_wconf 83' lang='lat' dir='ltr'>The</span> <span class='ocrx_word' id='word_1_219' title='bbox 454 2528 543 2561; x_wconf 84' lang='lat' dir='ltr'>names</span> <span class='ocrx_word' id='word_1_220' title='bbox 562 2515 590 2561; x_wconf 80' lang='lat' dir='ltr'>oi</span> <span class='ocrx_word' id='word_1_221' title='bbox 639 2530 664 2576; x_wconf 93' lang='lat' dir='ltr'>p.</span> <span class='ocrx_word' id='word_1_222' title='bbox 678 2515 827 2564; x_wconf 63' lang='lat' dir='ltr'>osa—as</span> <span class='ocrx_word' id='word_1_223' title='bbox 842 2517 955 2578; x_wconf 79' lang='grc' dir='ltr'>ὑπῆρξαν]</span> <span class='ocrx_word' id='word_1_224' title='bbox 967 2515 1084 2564; x_wconf 90' lang='lat' dir='ltr'>“Which</span> 
     </span>
     <span class='ocr_line' id='line_1_27' title="bbox 142 2577 1084 2641; baseline 0 -13"><span class='ocrx_word' id='word_1_225' title='bbox 142 2579 216 2629; x_wconf 86' lang='lat' dir='ltr'>these</span> <span class='ocrx_word' id='word_1_226' title='bbox 243 2577 375 2626; x_wconf 81' lang='lat' dir='ltr'>miscalled</span> <span class='ocrx_word' id='word_1_227' title='bbox 403 2578 512 2638; x_wconf 84' lang='lat' dir='ltr'>patriots</span> <span class='ocrx_word' id='word_1_228' title='bbox 539 2577 590 2625; x_wconf 82' lang='lat' dir='ltr'>and</span> <span class='ocrx_word' id='word_1_229' title='bbox 639 2579 701 2639; x_wconf 85' lang='lat' dir='ltr'>they</span> <span class='ocrx_word' id='word_1_230' title='bbox 721 2579 777 2626; x_wconf 85' lang='lat' dir='ltr'>first</span> <span class='ocrx_word' id='word_1_231' title='bbox 798 2579 928 2627; x_wconf 80' lang='lat' dir='ltr'>conferred</span> <span class='ocrx_word' id='word_1_232' title='bbox 949 2594 983 2627; x_wconf 95' lang='lat' dir='ltr'>on</span> <span class='ocrx_word' id='word_1_233' title='bbox 1009 2581 1084 2641; x_wconf 83' lang='lat' dir='ltr'>you.&#39;&#39;</span> 
     </span>
     <span class='ocr_line' id='line_1_28' title="bbox 142 2641 1086 2704; baseline 0.001 -12"><span class='ocrx_word' id='word_1_234' title='bbox 142 2642 277 2692; x_wconf 83' lang='lat' dir='ltr'>worthlees</span> <span class='ocrx_word' id='word_1_235' title='bbox 304 2656 365 2688; x_wconf 88' lang='lat' dir='ltr'>men</span> <span class='ocrx_word' id='word_1_236' title='bbox 391 2655 455 2688; x_wconf 88' lang='lat' dir='ltr'>were</span> <span class='ocrx_word' id='word_1_237' title='bbox 478 2656 506 2689; x_wconf 84' lang='lat' dir='ltr'>eo</span> <span class='ocrx_word' id='word_1_238' title='bbox 527 2641 589 2688; x_wconf 84' lang='lat' dir='ltr'>inti·</span> <span class='ocrx_word' id='word_1_239' title='bbox 639 2643 744 2691; x_wconf 80' lang='lat' dir='ltr'>Isocrat.</span> <span class='ocrx_word' id='word_1_240' title='bbox 766 2642 870 2692; x_wconf 85' lang='lat' dir='ltr'>Plataio.</span> <span class='ocrx_word' id='word_1_241' title='bbox 888 2658 913 2704; x_wconf 90' lang='lat' dir='ltr'>p.</span> <span class='ocrx_word' id='word_1_242' title='bbox 936 2645 1024 2693; x_wconf 77' lang='lat'>3071)</span> <span class='ocrx_word' id='word_1_243' title='bbox 1041 2648 1086 2704; x_wconf 82' lang='grc' dir='ltr'>τὴν</span> 
     </span>
     <span class='ocr_line' id='line_1_29' title="bbox 143 2703 1086 2769; baseline 0.002 -13"><span class='ocrx_word' id='word_1_244' title='bbox 143 2703 431 2768; x_wconf 81' lang='lat' dir='ltr'>matelyassoeiatedin</span> <span class='ocrx_word' id='word_1_245' title='bbox 445 2704 489 2752; x_wconf 85' lang='lat' dir='ltr'>the</span> <span class='ocrx_word' id='word_1_246' title='bbox 504 2705 589 2752; x_wconf 86' lang='lat' dir='ltr'>minds</span> <span class='ocrx_word' id='word_1_247' title='bbox 640 2706 715 2765; x_wconf 80' lang='grc' dir='ltr'>αὐτὴν</span> <span class='ocrx_word' id='word_1_248' title='bbox 730 2705 865 2767; x_wconf 77' lang='grc' dir='ltr'>εὐεργεσίαν</span> <span class='ocrx_word' id='word_1_249' title='bbox 868 2746 925 2756; x_wconf 93' lang='grc'>......</span> <span class='ocrx_word' id='word_1_250' title='bbox 929 2707 1003 2769; x_wconf 84' lang='grc' dir='ltr'>ἥνπερ</span> <span class='ocrx_word' id='word_1_251' title='bbox 1019 2709 1086 2758; x_wconf 76' lang='grc' dir='ltr'>αὐτοὶ</span> 
     </span>
     <span class='ocr_line' id='line_1_30' title="bbox 143 2767 1085 2834; baseline 0.004 -16"><span class='ocrx_word' id='word_1_252' title='bbox 143 2773 170 2820; x_wconf 78' lang='lat' dir='ltr'>of</span> <span class='ocrx_word' id='word_1_253' title='bbox 186 2786 221 2819; x_wconf 79' lang='lat' dir='ltr'>an</span> <span class='ocrx_word' id='word_1_254' title='bbox 239 2769 368 2816; x_wconf 79' lang='lat' dir='ltr'>Athenian</span> <span class='ocrx_word' id='word_1_255' title='bbox 384 2767 514 2826; x_wconf 73' lang='lat' dir='ltr'>audiente,</span> <span class='ocrx_word' id='word_1_256' title='bbox 531 2769 589 2817; x_wconf 90' lang='lat' dir='ltr'>that</span> <span class='ocrx_word' id='word_1_257' title='bbox 640 2772 790 2832; x_wconf 78' lang='grc' dir='ltr'>τυγχάνομεν</span> <span class='ocrx_word' id='word_1_258' title='bbox 808 2773 840 2820; x_wconf 82' lang='grc' dir='ltr'>εὶς</span> <span class='ocrx_word' id='word_1_259' title='bbox 859 2773 917 2830; x_wconf 78' lang='grc' dir='ltr'>ὑμᾶς</span> <span class='ocrx_word' id='word_1_260' title='bbox 934 2774 1085 2834; x_wconf 80' lang='grc' dir='ltr'>ὑπάρξαντες.</span> 
     </span>
     <span class='ocr_line' id='line_1_31' title="bbox 142 2832 1084 2896; baseline 0.002 -12"><span class='ocrx_word' id='word_1_261' title='bbox 142 2836 206 2896; x_wconf 75' lang='lat' dir='ltr'>they</span> <span class='ocrx_word' id='word_1_262' title='bbox 217 2833 293 2882; x_wconf 91' lang='lat' dir='ltr'>could</span> <span class='ocrx_word' id='word_1_263' title='bbox 308 2832 398 2894; x_wconf 81' lang='lat' dir='ltr'>hardly</span> <span class='ocrx_word' id='word_1_264' title='bbox 414 2833 444 2880; x_wconf 86' lang='lat' dir='ltr'>be</span> <span class='ocrx_word' id='word_1_265' title='bbox 462 2833 590 2880; x_wconf 84' lang='lat' dir='ltr'>disnnited</span> <span class='ocrx_word' id='word_1_266' title='bbox 639 2833 757 2884; x_wconf 79' lang='lat' dir='ltr'>Aeschin.</span> <span class='ocrx_word' id='word_1_267' title='bbox 770 2838 782 2894; x_wconf 61' lang='grc' dir='ltr'>ᾗ</span> <span class='ocrx_word' id='word_1_268' title='bbox 794 2835 825 2883; x_wconf 91' lang='grc'>26</span> <span class='ocrx_word' id='word_1_269' title='bbox 842 2850 865 2896; x_wconf 88' lang='lat' dir='ltr'>p.</span> <span class='ocrx_word' id='word_1_270' title='bbox 881 2837 910 2883; x_wconf 83' lang='lat'>31</span> <span class='ocrx_word' id='word_1_271' title='bbox 924 2837 1084 2888; x_wconf 68' lang='lat' dir='ltr'>St=2111a</span> 
     </span>
     <span class='ocr_line' id='line_1_32' title="bbox 144 2896 1085 2961; baseline 0 -12"><span class='ocrx_word' id='word_1_272' title='bbox 144 2914 208 2950; x_wconf 85' lang='lat' dir='ltr'>even</span> <span class='ocrx_word' id='word_1_273' title='bbox 223 2898 253 2946; x_wconf 89' lang='lat' dir='ltr'>in</span> <span class='ocrx_word' id='word_1_274' title='bbox 271 2896 333 2946; x_wconf 89' lang='lat' dir='ltr'>euch</span> <span class='ocrx_word' id='word_1_275' title='bbox 351 2911 366 2944; x_wconf 79' lang='lat' dir='ltr'>a</span> <span class='ocrx_word' id='word_1_276' title='bbox 384 2911 489 2958; x_wconf 81' lang='lat' dir='ltr'>passage</span> <span class='ocrx_word' id='word_1_277' title='bbox 503 2911 531 2944; x_wconf 84' lang='lat' dir='ltr'>as</span> <span class='ocrx_word' id='word_1_278' title='bbox 546 2897 590 2944; x_wconf 89' lang='lat' dir='ltr'>the</span> <span class='ocrx_word' id='word_1_279' title='bbox 640 2901 683 2948; x_wconf 83' lang='grc' dir='ltr'>τὰς</span> <span class='ocrx_word' id='word_1_280' title='bbox 693 2898 828 2961; x_wconf 71' lang='grc' dir='ltr'>εὐεργεσίας</span> <span class='ocrx_word' id='word_1_281' title='bbox 840 2903 866 2948; x_wconf 76' lang='grc' dir='ltr'>ας</span> <span class='ocrx_word' id='word_1_282' title='bbox 882 2901 944 2958; x_wconf 78' lang='grc' dir='ltr'>ὑμεῖς</span> <span class='ocrx_word' id='word_1_283' title='bbox 959 2903 1085 2961; x_wconf 76' lang='grc' dir='ltr'>ὑπήρξατε,</span> 
     </span>
     <span class='ocr_line' id='line_1_33' title="bbox 143 2959 1086 3025; baseline 0.003 -14"><span class='ocrx_word' id='word_1_284' title='bbox 143 2964 256 3025; x_wconf 88' lang='lat' dir='ltr'>present.</span> <span class='ocrx_word' id='word_1_285' title='bbox 292 2959 356 3024; x_wconf 81' lang='lat' dir='ltr'>(The</span> <span class='ocrx_word' id='word_1_286' title='bbox 367 2961 454 3008; x_wconf 74' lang='lat' dir='ltr'>render</span> <span class='ocrx_word' id='word_1_287' title='bbox 466 2960 518 3008; x_wconf 84' lang='lat' dir='ltr'>will</span> <span class='ocrx_word' id='word_1_288' title='bbox 534 2975 590 3020; x_wconf 90' lang='lat' dir='ltr'>pro·</span> <span class='ocrx_word' id='word_1_289' title='bbox 641 2962 753 3024; x_wconf 82' lang='lat' dir='ltr'>Thucyd.</span> <span class='ocrx_word' id='word_1_290' title='bbox 774 2976 804 3010; x_wconf 92' lang='lat'>11.</span> <span class='ocrx_word' id='word_1_291' title='bbox 820 2965 850 3014; x_wconf 78' lang='grc'>67</span> <span class='ocrx_word' id='word_1_292' title='bbox 870 2967 918 3014; x_wconf 79' lang='grc' dir='ltr'>τοῖς</span> <span class='ocrx_word' id='word_1_293' title='bbox 934 2964 1012 3014; x_wconf 80' lang='grc' dir='ltr'>αὐτοῖς</span> <span class='ocrx_word' id='word_1_294' title='bbox 1028 2965 1086 3024; x_wconf 78' lang='grc' dir='ltr'>6μὺ-</span> 
     </span>
     <span class='ocr_line' id='line_1_34' title="bbox 144 3024 1088 3089; baseline 0.002 -13"><span class='ocrx_word' id='word_1_295' title='bbox 144 3028 220 3088; x_wconf 78' lang='lat' dir='ltr'>bably</span> <span class='ocrx_word' id='word_1_296' title='bbox 229 3025 348 3072; x_wconf 84' lang='lat' dir='ltr'>recolleot</span> <span class='ocrx_word' id='word_1_297' title='bbox 364 3024 421 3073; x_wconf 81' lang='lat' dir='ltr'>that</span> <span class='ocrx_word' id='word_1_298' title='bbox 437 3025 482 3072; x_wconf 86' lang='lat' dir='ltr'>the</span> <span class='ocrx_word' id='word_1_299' title='bbox 495 3024 591 3072; x_wconf 80' lang='lat' dir='ltr'>heiress</span> <span class='ocrx_word' id='word_1_300' title='bbox 641 3029 724 3075; x_wconf 83' lang='grc' dir='ltr'>νεσθαι</span> <span class='ocrx_word' id='word_1_301' title='bbox 735 3028 819 3089; x_wconf 77' lang='grc' dir='ltr'>οϊστερ</span> <span class='ocrx_word' id='word_1_302' title='bbox 827 3030 866 3076; x_wconf 78' lang='grc' dir='ltr'>καί</span> <span class='ocrx_word' id='word_1_303' title='bbox 877 3030 898 3076; x_wconf 80' lang='grc' dir='ltr'>οἱ</span> <span class='ocrx_word' id='word_1_304' title='bbox 909 3029 1088 3086; x_wconf 82' lang='grc' dir='ltr'>Λακεδαιμόνιοι</span> 
     </span>
     <span class='ocr_line' id='line_1_35' title="bbox 144 3089 1087 3152; baseline 0.002 -12"><span class='ocrx_word' id='word_1_305' title='bbox 144 3093 171 3140; x_wconf 83' lang='lat' dir='ltr'>oi</span> <span class='ocrx_word' id='word_1_306' title='bbox 186 3107 202 3138; x_wconf 88' lang='lat' dir='ltr'>a</span> <span class='ocrx_word' id='word_1_307' title='bbox 215 3092 322 3152; x_wconf 83' lang='lat' dir='ltr'>partncr</span> <span class='ocrx_word' id='word_1_308' title='bbox 331 3089 360 3136; x_wconf 90' lang='lat' dir='ltr'>in</span> <span class='ocrx_word' id='word_1_309' title='bbox 371 3103 386 3136; x_wconf 90' lang='lat' dir='ltr'>a</span> <span class='ocrx_word' id='word_1_310' title='bbox 396 3089 473 3136; x_wconf 90' lang='lat' dir='ltr'>noted</span> <span class='ocrx_word' id='word_1_311' title='bbox 484 3089 543 3136; x_wconf 88' lang='lat' dir='ltr'>firm</span> <span class='ocrx_word' id='word_1_312' title='bbox 554 3103 591 3136; x_wconf 91' lang='lat' dir='ltr'>re·</span> <span class='ocrx_word' id='word_1_313' title='bbox 642 3091 756 3152; x_wconf 77' lang='grc' dir='ltr'>ὑπῆρξαν.</span> <span class='ocrx_word' id='word_1_314' title='bbox 806 3097 822 3119; x_wconf 86' lang='grc'>“</span> <span class='ocrx_word' id='word_1_315' title='bbox 832 3091 927 3152; x_wconf 84' lang='lat' dir='ltr'>Suppie</span> <span class='ocrx_word' id='word_1_316' title='bbox 949 3093 1087 3152; x_wconf 75' lang='grc' dir='ltr'>ἀμυνόμενοι</span> 
     </span>
     <span class='ocr_line' id='line_1_36' title="bbox 143 3152 1087 3220; baseline 0.002 -17"><span class='ocrx_word' id='word_1_317' title='bbox 143 3152 407 3218; x_wconf 85' lang='lat' dir='ltr'>joicedinthename</span> <span class='ocrx_word' id='word_1_318' title='bbox 423 3153 592 3201; x_wconf 64' lang='lat' dir='ltr'>Miesmad</span> <span class='ocrx_word' id='word_1_319' title='bbox 642 3155 744 3205; x_wconf 82' lang='grc' dir='ltr'>αὑτοὺς”</span> <span class='ocrx_word' id='word_1_320' title='bbox 763 3155 859 3216; x_wconf 88' lang='lat' dir='ltr'>Poppo.</span> <span class='ocrx_word' id='word_1_321' title='bbox 891 3155 987 3204; x_wconf 82' lang='lat' dir='ltr'>Rether</span> <span class='ocrx_word' id='word_1_322' title='bbox 1003 3159 1087 3220; x_wconf 74' lang='grc' dir='ltr'>οἷσπερ</span> 
     </span>
     <span class='ocr_line' id='line_1_37' title="bbox 144 3216 1087 3280; baseline 0.002 -13"><span class='ocrx_word' id='word_1_323' title='bbox 144 3223 187 3280; x_wconf 87' lang='grc' dir='ltr'>Β.)</span> <span class='ocrx_word' id='word_1_324' title='bbox 217 3218 265 3268; x_wconf 79' lang='lat' dir='ltr'>See</span> <span class='ocrx_word' id='word_1_325' title='bbox 276 3216 397 3277; x_wconf 85' lang='lat' dir='ltr'>Leptines</span> <span class='ocrx_word' id='word_1_326' title='bbox 404 3220 506 3278; x_wconf 79' lang='lat' dir='ltr'>passim.</span> <span class='ocrx_word' id='word_1_327' title='bbox 539 3217 591 3280; x_wconf 84' lang='lat' dir='ltr'>(Di-</span> <span class='ocrx_word' id='word_1_328' title='bbox 641 3219 857 3280; x_wconf 80' lang='lat' dir='ltr'>isbyattraction</span> <span class='ocrx_word' id='word_1_329' title='bbox 870 3219 909 3266; x_wconf 82' lang='lat' dir='ltr'>ior</span> <span class='ocrx_word' id='word_1_330' title='bbox 923 3220 968 3268; x_wconf 90' lang='lat' dir='ltr'>the</span> <span class='ocrx_word' id='word_1_331' title='bbox 985 3236 1087 3269; x_wconf 71' lang='lat' dir='ltr'>accusa·</span> 
     </span>
     <span class='ocr_line' id='line_1_38' title="bbox 144 3280 1087 3344; baseline -0.001 -11"><span class='ocrx_word' id='word_1_332' title='bbox 144 3283 257 3333; x_wconf 86' lang='lat' dir='ltr'>narchue</span> <span class='ocrx_word' id='word_1_333' title='bbox 278 3280 392 3328; x_wconf 82' lang='lat' dir='ltr'>however</span> <span class='ocrx_word' id='word_1_334' title='bbox 414 3295 436 3329; x_wconf 90' lang='lat' dir='ltr'>o.</span> <span class='ocrx_word' id='word_1_335' title='bbox 459 3280 591 3328; x_wconf 88' lang='lat' dir='ltr'>Demosth.</span> <span class='ocrx_word' id='word_1_336' title='bbox 643 3285 700 3332; x_wconf 76' lang='lat' dir='ltr'>cive.</span> <span class='ocrx_word' id='word_1_337' title='bbox 737 3282 791 3331; x_wconf 80' lang='lat' dir='ltr'>The</span> <span class='ocrx_word' id='word_1_338' title='bbox 810 3282 892 3344; x_wconf 87' lang='lat' dir='ltr'>origin</span> <span class='ocrx_word' id='word_1_339' title='bbox 911 3284 937 3330; x_wconf 82' lang='lat' dir='ltr'>oi</span> <span class='ocrx_word' id='word_1_340' title='bbox 955 3284 1008 3332; x_wconf 88' lang='lat' dir='ltr'>thie</span> <span class='ocrx_word' id='word_1_341' title='bbox 1028 3298 1087 3332; x_wconf 88' lang='lat' dir='ltr'>con·</span> 
     </span>
     <span class='ocr_line' id='line_1_39' title="bbox 144 3344 1087 3407; baseline 0.001 -12"><span class='ocrx_word' id='word_1_342' title='bbox 144 3350 158 3407; x_wconf 58' lang='grc' dir='ltr'>ὅ</span> <span class='ocrx_word' id='word_1_343' title='bbox 170 3347 201 3396; x_wconf 85' lang='grc'>63</span> <span class='ocrx_word' id='word_1_344' title='bbox 217 3361 243 3407; x_wconf 85' lang='lat' dir='ltr'>p.</span> <span class='ocrx_word' id='word_1_345' title='bbox 258 3347 289 3395; x_wconf 86' lang='grc'>98</span> <span class='ocrx_word' id='word_1_346' title='bbox 302 3344 404 3392; x_wconf 75' lang='lat' dir='ltr'>st=46</span> <span class='ocrx_word' id='word_1_347' title='bbox 414 3344 443 3393; x_wconf 90' lang='lat' dir='ltr'>R.</span> <span class='ocrx_word' id='word_1_348' title='bbox 464 3347 534 3404; x_wconf 77' lang='grc' dir='ltr'>ἐδέθη</span> <span class='ocrx_word' id='word_1_349' title='bbox 547 3346 595 3392; x_wconf 83' lang='grc' dir='ltr'>τῶν</span> <span class='ocrx_word' id='word_1_350' title='bbox 643 3345 767 3394; x_wconf 88' lang='lat' dir='ltr'>struction</span> <span class='ocrx_word' id='word_1_351' title='bbox 777 3345 800 3394; x_wconf 86' lang='lat' dir='ltr'>is</span> <span class='ocrx_word' id='word_1_352' title='bbox 810 3351 857 3393; x_wconf 89' lang='lat' dir='ltr'>not</span> <span class='ocrx_word' id='word_1_353' title='bbox 868 3361 896 3394; x_wconf 90' lang='lat' dir='ltr'>eo</span> <span class='ocrx_word' id='word_1_354' title='bbox 908 3347 981 3397; x_wconf 87' lang='lat' dir='ltr'>clear.</span> <span class='ocrx_word' id='word_1_355' title='bbox 1019 3350 1031 3396; x_wconf 85' lang='grc' dir='ltr'>ὑ</span> <span class='ocrx_word' id='word_1_356' title='bbox 1044 3351 1087 3396; x_wconf 77' lang='grc' dir='ltr'>ὑπ·</span> 
     </span>
     <span class='ocr_line' id='line_1_40' title="bbox 146 3410 1086 3474; baseline 0.004 -16"><span class='ocrx_word' id='word_1_357' title='bbox 146 3413 187 3474; x_wconf 73' lang='grc' dir='ltr'>ἀφ’</span> <span class='ocrx_word' id='word_1_358' title='bbox 202 3411 329 3471; x_wconf 74' lang='grc' dir='ltr'>’Δρμοδίου</span> <span class='ocrx_word' id='word_1_359' title='bbox 342 3411 476 3470; x_wconf 69' lang='grc' dir='ltr'>γεγονότων</span> <span class='ocrx_word' id='word_1_360' title='bbox 490 3410 521 3457; x_wconf 79' lang='grc' dir='ltr'>είς</span> <span class='ocrx_word' id='word_1_361' title='bbox 533 3411 594 3457; x_wconf 84' lang='grc' dir='ltr'>κατὰ</span> <span class='ocrx_word' id='word_1_362' title='bbox 644 3413 714 3471; x_wconf 61' lang='lat' dir='ltr'>(ipfae</span> <span class='ocrx_word' id='word_1_363' title='bbox 725 3412 870 3473; x_wconf 76' lang='lat' dir='ltr'>absolutely,</span> <span class='ocrx_word' id='word_1_364' title='bbox 882 3410 923 3461; x_wconf 80' lang='lat' dir='ltr'>Ar.</span> <span class='ocrx_word' id='word_1_365' title='bbox 935 3411 991 3460; x_wconf 83' lang='lat' dir='ltr'>Nic.</span> <span class='ocrx_word' id='word_1_366' title='bbox 1000 3411 1086 3463; x_wconf 75' lang='lat' dir='ltr'>Ethic.</span> 
     </span>
     <span class='ocr_line' id='line_1_41' title="bbox 146 3471 811 3534; baseline -0.006 -8"><span class='ocrx_word' id='word_1_367' title='bbox 146 3480 174 3525; x_wconf 86' lang='grc' dir='ltr'>τὸ</span> <span class='ocrx_word' id='word_1_368' title='bbox 181 3478 222 3526; x_wconf 82' lang='grc' dir='ltr'>σὸν</span> <span class='ocrx_word' id='word_1_369' title='bbox 232 3475 384 3534; x_wconf 81' lang='grc' dir='ltr'>πρόσταγμα,</span> <span class='ocrx_word' id='word_1_370' title='bbox 395 3471 479 3520; x_wconf 84' lang='lat' dir='ltr'>which</span> <span class='ocrx_word' id='word_1_371' title='bbox 489 3486 594 3532; x_wconf 83' lang='lat' dir='ltr'>passage</span> <span class='ocrx_word' id='word_1_372' title='bbox 643 3488 677 3522; x_wconf 86' lang='lat' dir='ltr'>iv.</span> <span class='ocrx_word' id='word_1_373' title='bbox 690 3475 761 3531; x_wconf 62' lang='lat'>8:1¹3,</span> <span class='ocrx_word' id='word_1_374' title='bbox 773 3473 811 3522; x_wconf 80' lang='lat'>24.</span> 
     </span>
     <span class='ocr_line' id='line_1_42' title="bbox 146 3535 1089 3650; baseline 0.002 -62"><span class='ocrx_word' id='word_1_375' title='bbox 146 3539 170 3588; x_wconf 88' lang='lat' dir='ltr'>is</span> <span class='ocrx_word' id='word_1_376' title='bbox 191 3537 303 3587; x_wconf 81' lang='lat' dir='ltr'>referred</span> <span class='ocrx_word' id='word_1_377' title='bbox 324 3539 352 3582; x_wconf 90' lang='lat' dir='ltr'>to</span> <span class='ocrx_word' id='word_1_378' title='bbox 373 3537 406 3595; x_wconf 90' lang='lat' dir='ltr'>by</span> <span class='ocrx_word' id='word_1_379' title='bbox 427 3535 472 3583; x_wconf 91' lang='lat' dir='ltr'>the</span> <span class='ocrx_word' id='word_1_380' title='bbox 499 3535 593 3584; x_wconf 87' lang='lat' dir='ltr'>Zurioh</span> <span class='ocrx_word' id='word_1_381' title='bbox 674 3539 754 3597; x_wconf 59' lang='lat'>5322.</span> <span class='ocrx_word' id='word_1_382' title='bbox 778 3537 905 3650; x_wconf 51' lang='grc' dir='ltr'>ὁμώνυμαγ</span> <span class='ocrx_word' id='word_1_383' title='bbox 917 3539 957 3588; x_wconf 91' lang='lat' dir='ltr'>He</span> <span class='ocrx_word' id='word_1_384' title='bbox 965 3540 1089 3604; x_wconf 77' lang='lat' dir='ltr'>probably</span> 
     </span>
     <span class='ocr_line' id='line_1_43' title="bbox 146 3599 1086 3660; baseline 0.003 -8"><span class='ocrx_word' id='word_1_385' title='bbox 146 3603 260 3652; x_wconf 80' lang='lat' dir='ltr'>Editors.</span> <span class='ocrx_word' id='word_1_386' title='bbox 291 3599 433 3648; x_wconf 85' lang='lat' dir='ltr'>AddAriet.</span> <span class='ocrx_word' id='word_1_387' title='bbox 446 3600 533 3660; x_wconf 83' lang='lat' dir='ltr'>Equit.</span> <span class='ocrx_word' id='word_1_388' title='bbox 546 3601 593 3650; x_wconf 81' lang='lat'>786</span> <span class='ocrx_word' id='word_1_389' title='bbox 642 3599 694 3649; x_wconf 83' lang='lat' dir='ltr'>had</span> <span class='ocrx_word' id='word_1_390' title='bbox 713 3616 728 3648; x_wconf 81' lang='lat' dir='ltr'>a</span> <span class='ocrx_word' id='word_1_391' title='bbox 745 3616 792 3649; x_wconf 87' lang='lat' dir='ltr'>eon</span> <span class='ocrx_word' id='word_1_392' title='bbox 811 3617 887 3651; x_wconf 85' lang='lat' dir='ltr'>name</span> <span class='ocrx_word' id='word_1_393' title='bbox 923 3604 1086 3656; x_wconf 85' lang='lat' dir='ltr'>Harmodius.</span> 
     </span>
     <span class='ocr_line' id='line_1_44' title="bbox 146 3665 1120 3728; baseline 0 -11"><span class='ocrx_word' id='word_1_394' title='bbox 146 3669 196 3728; x_wconf 78' lang='grc' dir='ltr'>μῶν</span> <span class='ocrx_word' id='word_1_395' title='bbox 212 3670 310 3728; x_wconf 80' lang='grc' dir='ltr'>ἔκγονος</span> <span class='ocrx_word' id='word_1_396' title='bbox 325 3666 348 3712; x_wconf 73' lang='grc' dir='ltr'>εἴ</span> <span class='ocrx_word' id='word_1_397' title='bbox 360 3666 408 3712; x_wconf 73' lang='grc' dir='ltr'>τῶν</span> <span class='ocrx_word' id='word_1_398' title='bbox 421 3666 547 3723; x_wconf 76' lang='grc' dir='ltr'>Ἀρμοὺίου</span> <span class='ocrx_word' id='word_1_399' title='bbox 559 3682 595 3714; x_wconf 79' lang='grc' dir='ltr'>τις</span> <span class='ocrx_word' id='word_1_400' title='bbox 644 3665 691 3714; x_wconf 82' lang='lat' dir='ltr'>See</span> <span class='ocrx_word' id='word_1_401' title='bbox 702 3665 857 3727; x_wconf 82' lang='lat' dir='ltr'>Ulpianand</span> <span class='ocrx_word' id='word_1_402' title='bbox 864 3667 1088 3719; x_wconf 79' lang='lat' dir='ltr'>Bochnecke.-</span> <span class='ocrx_word' id='word_1_403' title='bbox 1115 3695 1120 3709; x_wconf 91' lang='lat'><strong>·</strong></span> 
     </span>
     <span class='ocr_line' id='line_1_45' title="bbox 147 3727 1088 3796; baseline 0.002 -15"><span class='ocrx_word' id='word_1_404' title='bbox 147 3733 256 3792; x_wconf 81' lang='grc' dir='ltr'>έκείνων;</span> <span class='ocrx_word' id='word_1_405' title='bbox 267 3729 333 3779; x_wconf 83' lang='lat' dir='ltr'>Isae.</span> <span class='ocrx_word' id='word_1_406' title='bbox 343 3727 492 3788; x_wconf 82' lang='lat' dir='ltr'>Dicaeogen.</span> <span class='ocrx_word' id='word_1_407' title='bbox 505 3731 518 3788; x_wconf 68' lang='grc' dir='ltr'>ς</span> <span class='ocrx_word' id='word_1_408' title='bbox 529 3729 592 3789; x_wconf 72' lang='lat'>471).</span> <span class='ocrx_word' id='word_1_409' title='bbox 642 3729 680 3792; x_wconf 82' lang='grc' dir='ltr'>ἐφ’</span> <span class='ocrx_word' id='word_1_410' title='bbox 693 3732 725 3780; x_wconf 76' lang='grc' dir='ltr'>οτι</span> <span class='ocrx_word' id='word_1_411' title='bbox 737 3731 849 3793; x_wconf 81' lang='grc' dir='ltr'>ἑτέρα...]</span> <span class='ocrx_word' id='word_1_412' title='bbox 869 3732 945 3780; x_wconf 86' lang='lat' dir='ltr'>“For</span> <span class='ocrx_word' id='word_1_413' title='bbox 956 3733 1088 3796; x_wconf 87' lang='lat' dir='ltr'>euchpur·</span> 
     </span>
    </p>
   </div>
   <div class='ocr_carea' id='block_1_5' title="bbox 0 0 1329 4206">
    <p class='ocr_par' dir='ltr' id='par_1_6' title="bbox 0 0 1329 4206">
     <span class='ocr_line' id='line_1_46' title="bbox 0 0 1329 4206; baseline 0 0"><span class='ocrx_word' id='word_1_414' title='bbox 0 0 1329 4206; x_wconf 95' lang='lat' dir='ltr'> </span> 
     </span>
    </p>
   </div>
  </div>
 </body>
</html>
