2640 4204
229 208 291 280 160
535 210 852 276 DEMOSTHENIS

227 365 290 451 γὰρ
319 364 413 430 αὑτὸν
441 366 519 450 ἐρεῖν
548 364 588 435 ὦς
618 358 666 451 ἄρ’
693 365 754 446 eye
781 363 910 429 πάντων
936 363 977 430 ὦν
1001 367 1169 449 κατηγορῶ

228 451 370 538 κοινωνὸς
387 467 510 550 γέγονα,
529 468 582 533 καὶ
602 467 778 550 συνήρεσκε
800 467 902 533 ταῦτά
921 493 985 549 μοι,
1004 467 1058 533 καὶ
1078 467 1168 532 συνέ-

226 597 369 653 πραττον
397 570 489 658 αὑτῷ,
521 569 617 636 ἔπειτ’
648 571 795 656 ἐξαίφνης
828 571 1077 652 μεταβέβλημαι
1113 572 1168 636 καὶ

227 676 399 757 κατηγορῶ.
443 673 514 736 ἔστι
535 670 561 734 δ’
580 671 660 755 ὑπὲρ
681 672 740 753 μὲν
760 674 822 736 τῶν
843 672 1074 757 πεπραγμένων
1095 671 1168 737 οὔτε

228 770 333 838 δικαία
362 772 431 838 οὔτε
456 772 666 858 προσήκουσα
690 771 709 851 ή
736 772 865 852 τοιαύτη
895 771 1063 854 ἀπολογία,
1089 774 1166 852 ἐμοῦ

226 876 332 956 μέντοι
356 903 403 945 τις
426 876 608 958 κατηγορία·
644 873 705 957 ε’γώ
723 876 781 954 μὲν
796 875 867 959 γοίρ,
886 873 914 938 εί
932 877 1033 939 ταῦτα
1051 877 1165 943 πεποί-

226 1003 295 1055 ηκα,
321 977 441 1063 φαῦλός
463 977 526 1059 εἰμι
549 976 721 1062 ἅνθρωπος,
749 975 789 1040 τοὶ
818 976 851 1040 δὲ
879 975 1054 1062 πράγματα
1076 975 1165 1042 οὐδὲν

159 1098 213 1154 203
226 1080 347 1156 βελτίω
373 1079 424 1143 διὰ
447 1083 549 1157 τοῦτο,
575 1077 644 1142 οὐδὲ
672 1081 799 1142 πολλοῦ
828 1076 883 1143 δεῖ.
935 1077 970 1141 οὗ
998 1077 1062 1159 μήν
1088 1078 1163 1144 ἀλλ’
1179 1095 1234 1154 2²5

226 1177 320 1261 ἔγωγ’
343 1177 433 1259 οἶμαί
452 1205 507 1260 μοι
529 1178 703 1263 προσήκειν
728 1176 877 1262 ἀμφότερ’
902 1177 974 1258 ὑμῖν
997 1178 1161 1261 ἐπιδεῖξαι,

164 1313 166 1318 ’
226 1280 279 1345 καὶ
295 1279 343 1346 ὅτι
357 1281 517 1365 ψεύσεται
532 1279 619 1345 ταῦτ’
636 1279 690 1345 ἐὰν
702 1279 790 1363 λέγῃ,
806 1280 860 1343 καὶ
877 1279 934 1360 τήν
953 1278 1076 1344 δικαίαν
1095 1279 1163 1360 ήτις

226 1382 315 1448 ἐστὶν
343 1383 512 1465 α’πολογία.
556 1381 576 1462 ή
602 1382 660 1464 μὲν
685 1383 790 1447 τοίνυν
815 1380 920 1446 δικαία
943 1383 996 1446 καὶ
1020 1381 1119 1462 ἁπλῆ,
1142 1382 1162 1462 ή

227 1484 267 1554 ὠς
291 1484 327 1550 οὗ
351 1486 535 1572 πέπρακται
559 1485 599 1551 τὰ
621 1486 860 1570 κατηγορημένα
881 1484 987 1568 δεῖξαι,
1006 1485 1025 1566 ή
1047 1485 1088 1557 ὡς
1107 1513 1162 1551 πε-

226 1588 393 1670 πραγμένα
418 1589 573 1673 συμφέρει
598 1591 636 1671 τῇ
662 1587 764 1652 πόλει.
809 1587 929 1652 τούτων
952 1586 977 1651 δ’
1003 1587 1162 1674 οὐδέτερον

157 1708 213 1760 204
227 1687 341 1753 δύναιτ’
371 1688 411 1753 ἂν
439 1687 530 1759 οὗτος
558 1692 700 1768 ποιήσαι.
745 1689 817 1754 οὔτε
844 1690 906 1775 γὰρ
936 1689 976 1760 ὥς
1006 1691 1160 1777 συμφέρει
1175 1699 1233 1754 226

214 1789 327 1870 ιδήπου
342 1789 473 1857 Φωκέας
487 1789 689 1854 ἀπολωλέναι
704 1790 757 1854 καὶ
771 1789 885 1860 Πύλας
896 1791 1064 1856 Φιλιππου
1076 1793 1161 1875 ἔχειν

226 1893 279 1957 καὶ
294 1889 456 1971 Θηβαίους
472 1890 594 1976 ἰσχύειν
607 1890 661 1954 καὶ
676 1893 709 1955 ἐν
727 1890 851 1979 Εὐβοίᾳ
865 1892 1063 1977 στρατιώτας
1082 1891 1160 1957 εἶναι

274 2084 353 2146 5224.
389 2086 404 2144 ή
416 2086 536 2147 ἀπολογία
547 2085 607 2145 αιίτη
618 2104 656 2148 γρ.
670 2085 695 2136 S.
731 2085 793 2142 αὕτη
804 2087 819 2147 ἦ
831 2089 873 2135 ἀπ.
886 2087 915 2148 Q.

273 2150 353 2210 5225.
388 2151 449 2197 Post
461 2152 532 2207 οῑμαι,
544 2168 582 2209 μοι
594 2164 643 2198 om.
657 2165 677 2197 r.
690 2164 710 2199 s,
724 2150 765 2198 ΑΙ.
776 2150 817 2198 A’.
850 2151 934 2200 Facile
942 2153 1033 2202 excidit
1041 2158 1100 2216 poet
1110 2176 1161 2216 μοι.

222 2215 350 2262 —Post
362 2216 481 2275 ἀπολογία
492 2213 549 2261 add.
561 2217 671 2276 φεύξεται
682 2214 709 2262 F.
721 2214 750 2262 Y.
763 2215 792 2274 Q.
805 2215 834 2264 Ο.
848 2217 867 2263 t.
879 2231 905 2263 u.
914 2231 938 2264 v.
967 2218 1047 2266 Uneis
1058 2219 1163 2270 inclusit

226 2277 317 2325 Rmen.
351 2277 444 2324 Omisit
465 2278 564 2338 primus
584 2279 669 2326 Bnnx.
693 2281 825 2341 ἀπολογίαν
847 2282 944 2328 mavult
966 2282 1048 2330 Doen.
1068 2285 1163 2334 omisso

227 2345 506 2401 φεύξεται-δύναται
518 2345 592 2390 εἰπεῖν
603 2342 627 2390 k.
641 2356 662 2389 r.
675 2356 695 2389 s.
708 2345 748 2390 tm.
761 2342 801 2390 A¹.
813 2343 885 2393 Harl.
899 2346 1022 2404 probante
1035 2347 1162 2398 Tmono.

196 2413 200 2421 ’
227 2410 323 2454 δύναται
342 2405 381 2455 A'2.
418 2409 516 2454 “cinctu
534 2405 635 2453 videtur
653 2405 845 2466 interpretantis
865 2423 927 2456 esse.
962 2409 1042 2471 Saepe
1058 2413 1164 2472 ponitur

226 2473 308 2527 ποιεῖν,
324 2483 357 2517 ne
374 2470 524 2517 antecedens
540 2469 645 2517 verbum
661 2470 742 2530 repeti
760 2470 899 2531 oporteat.''
933 2472 1041 2524 Sonent.
1077 2476 1166 2525 Obiter

225 2548 317 2581 moneo
328 2534 394 2581 mele
405 2533 563 2581 intellectum
575 2549 589 2581 e
601 2533 689 2582 Stallb.
703 2535 766 2583 Plet.
781 2535 885 2594 Apolog.
897 2537 928 2583 30
939 2538 962 2583 A
970 2541 1048 2586 ταῦτα
1059 2544 1166 2602 νεωτέρῳ

226 2600 327 2654 ποιήσω,
344 2597 387 2644 ubi
402 2601 478 2645 ταῦτα
493 2600 585 2656 ποιήσοι
598 2598 667 2646 valet
679 2597 695 2646 i.
705 2612 727 2658 q.
739 2601 836 2646 evectae·
852 2614 902 2659 qua
913 2599 944 2648 de
954 2601 1053 2650 ratione
1064 2607 1161 2656 consul.

227 2662 325 2710 Buttm.
339 2662 396 2708 Iud.
409 2663 471 2709 Mid„
485 2661 513 2708 in
525 2664 606 2711 ποιεῖν.

275 2725 354 2784 5226.
390 2727 465 2783 δήπου
479 2738 529 2772 om.
545 2725 570 2774 k.
586 2740 607 2776 s.
620 2725 661 2773 ΔῙ.
672 2724 711 2776 A‘.
748 2727 813 2774 “An
831 2728 942 2788 ἀνόνητον
959 2730 999 2777 vel
1018 2733 1166 2790 ἀνιήνυτονί”

227 2898 302 2959 being
308 2897 352 2948 the
362 2897 465 2948 κοινωνὸς
472 2897 499 2944 oi
506 2896 669 2954 Philocratem
720 2899 854 2963 οἰπολογίαν
862 2901 913 2961 ήτις
920 2901 993 2965 ἐστίν,
1002 2919 1031 2953 or
1039 2906 1091 2964 ἥτις
1100 2911 1167 2958 ἐστίν

227 2964 342 3024 e.g.§20
353 2976 378 3023 p.
389 2963 420 3010 30
433 2961 670 3021 st=2041teie
720 2966 736 3022 ή
756 2968 834 3014 δικαία
854 2965 982 3028 ἀπολογία,
1004 2984 1033 3017 01·
1052 2971 1067 3029 ἦ
1086 2975 1167 3023 δικαία

226 3031 303 3076 τοίνυν
313 3030 338 3086 ἐξ
348 3027 423 3088 ἀρχῆς
434 3028 544 3074 ἔνστασις
554 3028 600 3074 τῶν
610 3030 671 3075 ὅλων
719 3031 771 3087 ήτις
790 3029 856 3078 ἐστίν
878 3029 1008 3093 ἀπολογία,
1028 3036 1112 3084 would
1134 3038 1167 3087 be

227 3093 376 3152 πραγμάτων
396 3092 507 3152 ἐγίγνετο
523 3089 549 3138 οὐ
566 3094 595 3138 δι’
615 3094 671 3149 ἐμοῦ
719 3107 789 3141 more
806 3095 906 3142 natural
921 3097 1053 3158 aeeording
1066 3101 1095 3147 to
1110 3116 1166 3150 mo-

227 3156 293 3204 οἰλλιί
310 3155 349 3203 int
364 3156 525 3212 Δημοσθένους
545 3158 583 3202 καὶ
600 3157 669 3203 Φιλο-
720 3155 782 3204 dem
789 3157 865 3207 ideae.
886 3158 919 3206 Oi
925 3159 969 3207 the
977 3160 1072 3210 lieenee
1080 3165 1166 3215 which

227 3219 332 3281 κράτους,
349 3223 362 3279 5
377 3219 408 3267 56
424 3233 450 3278 p.
463 3219 494 3266 35
511 3218 670 3267 st.=235R.
720 3220 804 3269 Greek
828 3222 925 3270 wn'tere
951 3223 1055 3274 allowed
1080 3228 1166 3278 them·

226 3288 270 3342 τὴν
279 3287 323 3344 μὲν
336 3285 412 3331 τοίνυν
426 3285 543 3330 κοινωνίαν
553 3284 601 3330 τῶν
613 3285 671 3347 ὑπὲρ
718 3285 800 3332 solves
820 3285 849 3332 in
872 3286 935 3336 eueh
955 3292 1063 3337 matters
1080 3291 1094 3338 I
1113 3293 1167 3342 will

226 3349 269 3406 τῆς
280 3346 369 3407 εἰρήνης
380 3347 492 3408 τριίξεοιν,
506 3345 548 3394 οὐκ
564 3349 620 3406 ἐμὴν
632 3351 670 3396 καί
718 3347 792 3408 bring
807 3352 857 3397 two
871 3353 1014 3412 exemplos:
1030 3354 1094 3403 Eur.
1106 3355 1163 3416 Ion,

226 3410 384 3472 Φιλοκράτους
392 3411 457 3458 ene
465 3413 669 3470 Δημοσθένουςκαί
719 3413 781 3462 1307
793 3415 837 3472 τὴν
849 3416 893 3473 σήν
903 3417 963 3463 ὅπου
974 3433 1010 3464 σοι
1018 3420 1100 3478 μητέρ’
1113 3419 1167 3470 ἐστὶ

227 3475 383 3536 Φιλοκράτους
395 3475 601 3537 εὑρήσετε-οὐδὲ
610 3479 669 3524 πολ·
718 3478 831 3525 νουθέτει’
851 3477 902 3525 and
922 3479 999 3541 Soph.
1019 3481 1110 3533 Tranh.
1134 3487 1166 3536 97

228 3539 271 3586 λοῦ
282 3541 322 3587 eet
360 3539 406 3588 See
418 3541 526 3599 on§33.
719 3544 811 3600 κηρύξει
827 3543 868 3590 τόν
886 3541 1025 3602 Ἀλκμήνας,
1046 3545 1104 3596 πόθι
1125 3567 1167 3606 μοι

259 3602 337 3660 5225.
359 3602 669 3668 τήνδικαίαν...ἅπολογία]
717 3606 773 3652 πόθι
785 3609 841 3653 ταῖς
852 3608 909 3654 ναίει
921 3607 980 3657 ποτ’.
1017 3607 1073 3657 The
1087 3611 1168 3664 latter

228 3665 291 3714 This
302 3664 381 3712 idiom
396 3666 419 3713 ie
433 3681 501 3715 rere:
519 3671 563 3727 τὴν
579 3670 670 3716 δικαίαν
717 3668 739 3716 ie
750 3683 811 3730 very
823 3670 921 3718 similer
932 3674 958 3718 to
969 3685 1016 3720 our
1026 3679 1143 3737 passage.
