<?xml version="1.0" encoding="UTF-8"?>
<!DOCTYPE html PUBLIC "-//W3C//DTD XHTML 1.0 Transitional//EN"
    "http://www.w3.org/TR/xhtml1/DTD/xhtml1-transitional.dtd">
<html xmlns="http://www.w3.org/1999/xhtml" xml:lang="en" lang="en">
 <head>
  <title>
</title>
<meta http-equiv="Content-Type" content="text/html;charset=utf-8" />
  <meta name='ocr-system' content='tesseract 3.04.00' />
  <meta name='ocr-capabilities' content='ocr_page ocr_carea ocr_par ocr_line ocrx_word'/>
</head>
<body>
  <div class='ocr_page' id='page_1' title='image "./demosthenisdefa01shilgoog_0200.png"; bbox 0 0 2640 4204; ppageno 0'>
   <div class='ocr_carea' id='block_1_1' title="bbox 144 241 1257 2014">
    <p class='ocr_par' dir='ltr' id='par_1_1' title="bbox 221 241 1173 589">
     <span class='ocr_line' id='line_1_1' title="bbox 223 241 846 308; baseline 0.002 -2"><span class='ocrx_word' id='word_1_1' title='bbox 223 245 284 308; x_wconf 83' lang='lat'>180</span> <span class='ocrx_word' id='word_1_2' title='bbox 528 241 846 308; x_wconf 82' lang='lat' dir='ltr'>DEMOSTHENIS</span> 
     </span>
     <span class='ocr_line' id='line_1_2' title="bbox 221 397 1173 488; baseline -0.002 -23"><span class='ocrx_word' id='word_1_3' title='bbox 221 403 257 465; x_wconf 82' lang='grc' dir='ltr'>ἐκ</span> <span class='ocrx_word' id='word_1_4' title='bbox 277 404 339 466; x_wconf 91' lang='grc' dir='ltr'>τῶν</span> <span class='ocrx_word' id='word_1_5' title='bbox 362 399 446 465; x_wconf 81' lang='grc' dir='ltr'>ἰδίων</span> <span class='ocrx_word' id='word_1_6' title='bbox 467 399 628 465; x_wconf 78' lang='grc' dir='ltr'>τοσούτων</span> <span class='ocrx_word' id='word_1_7' title='bbox 649 399 823 488; x_wconf 85' lang='grc' dir='ltr'>χρημάτων</span> <span class='ocrx_word' id='word_1_8' title='bbox 843 397 988 474; x_wconf 86' lang='grc' dir='ltr'>λύεσθαι,</span> <span class='ocrx_word' id='word_1_9' title='bbox 1008 397 1114 485; x_wconf 80' lang='grc' dir='ltr'>μικρὰ</span> <span class='ocrx_word' id='word_1_10' title='bbox 1140 399 1173 464; x_wconf 89' lang='grc' dir='ltr'>δ’</span> 
     </span>
     <span class='ocr_line' id='line_1_3' title="bbox 221 499 1171 589; baseline -0.001 -24"><span class='ocrx_word' id='word_1_11' title='bbox 221 500 328 584; x_wconf 80' lang='grc' dir='ltr'>ἀξιοῦν</span> <span class='ocrx_word' id='word_1_12' title='bbox 342 500 430 587; x_wconf 86' lang='grc' dir='ltr'>παρά</span> <span class='ocrx_word' id='word_1_13' title='bbox 448 502 565 566; x_wconf 90' lang='grc' dir='ltr'>τούτων</span> <span class='ocrx_word' id='word_1_14' title='bbox 587 501 728 589; x_wconf 79' lang='grc' dir='ltr'>αἰσχρῶς</span> <span class='ocrx_word' id='word_1_15' title='bbox 742 499 808 581; x_wconf 83' lang='grc' dir='ltr'>μετ’</span> <span class='ocrx_word' id='word_1_16' title='bbox 825 499 942 588; x_wconf 83' lang='grc' dir='ltr'>ἔχθρας</span> <span class='ocrx_word' id='word_1_17' title='bbox 955 501 1171 582; x_wconf 80' lang='grc' dir='ltr'>λαμβάνειν;</span> 
     </span>
    </p>

    <p class='ocr_par' dir='ltr' id='par_1_2' title="bbox 155 603 1257 1096">
     <span class='ocr_line' id='line_1_4' title="bbox 155 603 1257 692; baseline 0.002 -26"><span class='ocrx_word' id='word_1_18' title='bbox 155 627 209 684; x_wconf 87' lang='lat'>223</span> <span class='ocrx_word' id='word_1_19' title='bbox 222 604 278 670; x_wconf 82' lang='grc' dir='ltr'>οὐκ</span> <span class='ocrx_word' id='word_1_20' title='bbox 307 605 377 670; x_wconf 83' lang='grc' dir='ltr'>ἔστι</span> <span class='ocrx_word' id='word_1_21' title='bbox 405 610 513 680; x_wconf 86' lang='grc' dir='ltr'>ταῦτα,</span> <span class='ocrx_word' id='word_1_22' title='bbox 544 603 617 669; x_wconf 90' lang='grc' dir='ltr'>ἀλλ’</span> <span class='ocrx_word' id='word_1_23' title='bbox 648 604 833 687; x_wconf 67' lang='grc' dir='ltr'>ἀπήγγειλα</span> <span class='ocrx_word' id='word_1_24' title='bbox 861 603 919 687; x_wconf 81' lang='grc' dir='ltr'>μὲν</span> <span class='ocrx_word' id='word_1_25' title='bbox 948 603 1074 686; x_wconf 82' lang='grc' dir='ltr'>ταληθῆ</span> <span class='ocrx_word' id='word_1_26' title='bbox 1105 604 1172 669; x_wconf 83' lang='grc' dir='ltr'>καὶ</span> <span class='ocrx_word' id='word_1_27' title='bbox 1190 621 1257 692; x_wconf 83' lang='lat'>246</span> 
     </span>
     <span class='ocr_line' id='line_1_5' title="bbox 222 703 1171 794; baseline 0 -24"><span class='ocrx_word' id='word_1_28' title='bbox 222 703 411 794; x_wconf 79' lang='grc' dir='ltr'>ἀπεσχόμην</span> <span class='ocrx_word' id='word_1_29' title='bbox 432 711 488 771; x_wconf 81' lang='grc' dir='ltr'>τοῦ</span> <span class='ocrx_word' id='word_1_30' title='bbox 508 708 624 784; x_wconf 82' lang='grc' dir='ltr'>λαβεῖν</span> <span class='ocrx_word' id='word_1_31' title='bbox 644 710 701 770; x_wconf 86' lang='grc' dir='ltr'>τοῦ</span> <span class='ocrx_word' id='word_1_32' title='bbox 724 704 845 770; x_wconf 81' lang='grc' dir='ltr'>δικαίου</span> <span class='ocrx_word' id='word_1_33' title='bbox 866 705 987 784; x_wconf 77' lang='grc' dir='ltr'>καὶτῆς</span> <span class='ocrx_word' id='word_1_34' title='bbox 1007 703 1171 784; x_wconf 79' lang='grc' dir='ltr'>ἀληθείας</span> 
     </span>
     <span class='ocr_line' id='line_1_6' title="bbox 222 803 1170 889; baseline -0.001 -17"><span class='ocrx_word' id='word_1_35' title='bbox 222 807 311 872; x_wconf 74' lang='grc' dir='ltr'>ἕνεκα</span> <span class='ocrx_word' id='word_1_36' title='bbox 339 808 393 872; x_wconf 86' lang='grc' dir='ltr'>καὶ</span> <span class='ocrx_word' id='word_1_37' title='bbox 422 811 478 872; x_wconf 84' lang='grc' dir='ltr'>τοῦ</span> <span class='ocrx_word' id='word_1_38' title='bbox 505 811 623 874; x_wconf 84' lang='grc' dir='ltr'>λοιποῦ</span> <span class='ocrx_word' id='word_1_39' title='bbox 650 806 733 884; x_wconf 82' lang='grc' dir='ltr'>βίον,</span> <span class='ocrx_word' id='word_1_40' title='bbox 765 807 903 887; x_wconf 86' lang='grc' dir='ltr'>νομίζων,</span> <span class='ocrx_word' id='word_1_41' title='bbox 927 803 1037 889; x_wconf 87' lang='grc' dir='ltr'>ῶσπερ</span> <span class='ocrx_word' id='word_1_42' title='bbox 1059 803 1170 871; x_wconf 81' lang='grc' dir='ltr'>ἄλλοι</span> 
     </span>
     <span class='ocr_line' id='line_1_7' title="bbox 221 906 1166 995; baseline -0.001 -23"><span class='ocrx_word' id='word_1_43' title='bbox 221 908 311 995; x_wconf 78' lang='grc' dir='ltr'>τινές,</span> <span class='ocrx_word' id='word_1_44' title='bbox 331 909 406 994; x_wconf 88' lang='grc' dir='ltr'>παρ’</span> <span class='ocrx_word' id='word_1_45' title='bbox 421 909 493 990; x_wconf 85' lang='grc' dir='ltr'>ύμῖν</span> <span class='ocrx_word' id='word_1_46' title='bbox 514 909 566 974; x_wconf 84' lang='grc' dir='ltr'>καὶ</span> <span class='ocrx_word' id='word_1_47' title='bbox 589 907 680 977; x_wconf 80' lang='grc' dir='ltr'>αὐτὸς</span> <span class='ocrx_word' id='word_1_48' title='bbox 701 907 744 972; x_wconf 92' lang='grc' dir='ltr'>ῶν</span> <span class='ocrx_word' id='word_1_49' title='bbox 761 907 897 987; x_wconf 79' lang='grc' dir='ltr'>ἐπιεικὴς</span> <span class='ocrx_word' id='word_1_50' title='bbox 911 906 1166 988; x_wconf 75' lang='grc' dir='ltr'>τιμηθήσεσθαι,</span> 
     </span>
     <span class='ocr_line' id='line_1_8' title="bbox 222 1008 1167 1096; baseline 0.001 -22"><span class='ocrx_word' id='word_1_51' title='bbox 222 1012 274 1076; x_wconf 85' lang='grc' dir='ltr'>καί</span> <span class='ocrx_word' id='word_1_52' title='bbox 294 1011 350 1077; x_wconf 82' lang='grc' dir='ltr'>οὐκ</span> <span class='ocrx_word' id='word_1_53' title='bbox 369 1011 603 1077; x_wconf 82' lang='grc' dir='ltr'>ἀνταλλακτέον</span> <span class='ocrx_word' id='word_1_54' title='bbox 623 1009 702 1076; x_wconf 89' lang='grc' dir='ltr'>εἰναί</span> <span class='ocrx_word' id='word_1_55' title='bbox 721 1037 775 1092; x_wconf 93' lang='grc' dir='ltr'>μοι</span> <span class='ocrx_word' id='word_1_56' title='bbox 796 1010 853 1090; x_wconf 83' lang='grc' dir='ltr'>τὴν</span> <span class='ocrx_word' id='word_1_57' title='bbox 874 1008 952 1096; x_wconf 76' lang='grc' dir='ltr'>πρὸς</span> <span class='ocrx_word' id='word_1_58' title='bbox 966 1008 1046 1091; x_wconf 78' lang='grc' dir='ltr'>ὑμᾶς</span> <span class='ocrx_word' id='word_1_59' title='bbox 1062 1016 1167 1096; x_wconf 84' lang='grc' dir='ltr'>φιλο-</span> 
     </span>
    </p>

    <p class='ocr_par' dir='ltr' id='par_1_3' title="bbox 163 1108 1248 1810">
     <span class='ocr_line' id='line_1_9' title="bbox 163 1108 1248 1203; baseline -0.002 -26"><span class='ocrx_word' id='word_1_60' title='bbox 163 1195 167 1203; x_wconf 24' lang='grc'>,</span> <span class='ocrx_word' id='word_1_61' title='bbox 221 1113 328 1195; x_wconf 84' lang='grc' dir='ltr'>τιμίαν</span> <span class='ocrx_word' id='word_1_62' title='bbox 342 1113 462 1183; x_wconf 77' lang='grc' dir='ltr'>οὐδενὸς</span> <span class='ocrx_word' id='word_1_63' title='bbox 476 1112 609 1195; x_wconf 77' lang='grc' dir='ltr'>κέρδους·</span> <span class='ocrx_word' id='word_1_64' title='bbox 625 1116 712 1194; x_wconf 84' lang='grc' dir='ltr'>μισῶ</span> <span class='ocrx_word' id='word_1_65' title='bbox 722 1110 755 1176; x_wconf 86' lang='grc' dir='ltr'>δὲ</span> <span class='ocrx_word' id='word_1_66' title='bbox 766 1111 902 1188; x_wconf 81' lang='grc' dir='ltr'>τούτους,</span> <span class='ocrx_word' id='word_1_67' title='bbox 916 1108 964 1175; x_wconf 81' lang='grc' dir='ltr'>ύτι</span> <span class='ocrx_word' id='word_1_68' title='bbox 975 1110 1167 1197; x_wconf 84' lang='grc' dir='ltr'>μοχθηρούς</span> <span class='ocrx_word' id='word_1_69' title='bbox 1183 1143 1248 1198; x_wconf 81' lang='lat'>²47</span> 
     </span>
     <span class='ocr_line' id='line_1_10' title="bbox 221 1210 1166 1305; baseline -0.004 -24"><span class='ocrx_word' id='word_1_70' title='bbox 221 1217 275 1282; x_wconf 85' lang='grc' dir='ltr'>καὶ</span> <span class='ocrx_word' id='word_1_71' title='bbox 292 1217 372 1286; x_wconf 87' lang='grc' dir='ltr'>θεοίς</span> <span class='ocrx_word' id='word_1_72' title='bbox 395 1215 524 1305; x_wconf 86' lang='grc' dir='ltr'>ἐχθρούς</span> <span class='ocrx_word' id='word_1_73' title='bbox 543 1213 624 1279; x_wconf 85' lang='grc' dir='ltr'>εἰδον</span> <span class='ocrx_word' id='word_1_74' title='bbox 643 1216 677 1278; x_wconf 91' lang='grc' dir='ltr'>ἐν</span> <span class='ocrx_word' id='word_1_75' title='bbox 694 1218 732 1296; x_wconf 78' lang='grc' dir='ltr'>τῇ</span> <span class='ocrx_word' id='word_1_76' title='bbox 747 1213 915 1300; x_wconf 74' lang='grc' dir='ltr'>πρεσβείᾳ,</span> <span class='ocrx_word' id='word_1_77' title='bbox 931 1213 985 1277; x_wconf 83' lang='grc' dir='ltr'>καὶ</span> <span class='ocrx_word' id='word_1_78' title='bbox 999 1210 1166 1298; x_wconf 83' lang='grc' dir='ltr'>ἀπεστέρ-</span> 
     </span>
     <span class='ocr_line' id='line_1_11' title="bbox 220 1315 1166 1401; baseline -0.006 -16"><span class='ocrx_word' id='word_1_79' title='bbox 220 1344 299 1401; x_wconf 91' lang='grc' dir='ltr'>ημαι</span> <span class='ocrx_word' id='word_1_80' title='bbox 313 1320 366 1384; x_wconf 84' lang='grc' dir='ltr'>καὶ</span> <span class='ocrx_word' id='word_1_81' title='bbox 385 1324 447 1384; x_wconf 94' lang='grc' dir='ltr'>τῶν</span> <span class='ocrx_word' id='word_1_82' title='bbox 469 1317 553 1382; x_wconf 81' lang='grc' dir='ltr'>ἰδίων</span> <span class='ocrx_word' id='word_1_83' title='bbox 572 1319 761 1399; x_wconf 82' lang='grc' dir='ltr'>φιλοτιμιῶν</span> <span class='ocrx_word' id='word_1_84' title='bbox 781 1315 833 1380; x_wconf 83' lang='grc' dir='ltr'>διὰ</span> <span class='ocrx_word' id='word_1_85' title='bbox 851 1315 908 1394; x_wconf 87' lang='grc' dir='ltr'>τὴν</span> <span class='ocrx_word' id='word_1_86' title='bbox 927 1315 1044 1380; x_wconf 88' lang='grc' dir='ltr'>τούτων</span> <span class='ocrx_word' id='word_1_87' title='bbox 1059 1315 1166 1401; x_wconf 89' lang='grc' dir='ltr'>δωρο-</span> 
     </span>
     <span class='ocr_line' id='line_1_12' title="bbox 221 1415 1164 1508; baseline -0.003 -23"><span class='ocrx_word' id='word_1_88' title='bbox 221 1421 327 1487; x_wconf 88' lang='grc' dir='ltr'>δοκίαν</span> <span class='ocrx_word' id='word_1_89' title='bbox 346 1421 423 1508; x_wconf 86' lang='grc' dir='ltr'>πρδς</span> <span class='ocrx_word' id='word_1_90' title='bbox 442 1418 519 1500; x_wconf 83' lang='grc' dir='ltr'>ύλην</span> <span class='ocrx_word' id='word_1_91' title='bbox 538 1417 698 1504; x_wconf 84' lang='grc' dir='ltr'>δυσχερῶς</span> <span class='ocrx_word' id='word_1_92' title='bbox 718 1417 803 1500; x_wconf 79' lang='grc' dir='ltr'>ὑμῶν</span> <span class='ocrx_word' id='word_1_93' title='bbox 825 1418 882 1497; x_wconf 83' lang='grc' dir='ltr'>τὴν</span> <span class='ocrx_word' id='word_1_94' title='bbox 907 1415 1084 1498; x_wconf 84' lang='grc' dir='ltr'>πρεσβείαν</span> <span class='ocrx_word' id='word_1_95' title='bbox 1101 1419 1164 1482; x_wconf 87' lang='grc' dir='ltr'>ἐσ-</span> 
     </span>
     <span class='ocr_line' id='line_1_13' title="bbox 220 1515 1165 1608; baseline 0 -24"><span class='ocrx_word' id='word_1_96' title='bbox 220 1522 373 1608; x_wconf 87' lang='grc' dir='ltr'>χηκότων·</span> <span class='ocrx_word' id='word_1_97' title='bbox 388 1524 551 1605; x_wconf 86' lang='grc' dir='ltr'>κατηγορῶ</span> <span class='ocrx_word' id='word_1_98' title='bbox 566 1518 600 1584; x_wconf 76' lang='grc' dir='ltr'>δὲ</span> <span class='ocrx_word' id='word_1_99' title='bbox 609 1519 675 1584; x_wconf 90' lang='grc' dir='ltr'>νυνὶ</span> <span class='ocrx_word' id='word_1_100' title='bbox 690 1519 743 1584; x_wconf 88' lang='grc' dir='ltr'>καὶ</span> <span class='ocrx_word' id='word_1_101' title='bbox 758 1519 811 1583; x_wconf 88' lang='grc' dir='ltr'>ἐπὶ</span> <span class='ocrx_word' id='word_1_102' title='bbox 825 1519 880 1587; x_wconf 85' lang='grc' dir='ltr'>τὰς</span> <span class='ocrx_word' id='word_1_103' title='bbox 895 1515 1020 1587; x_wconf 78' lang='grc' dir='ltr'>εὐθύνας</span> <span class='ocrx_word' id='word_1_104' title='bbox 1034 1515 1102 1598; x_wconf 76' lang='grc' dir='ltr'>ἥκω</span> <span class='ocrx_word' id='word_1_105' title='bbox 1121 1520 1165 1584; x_wconf 84' lang='grc' dir='ltr'>τὸ</span> 
     </span>
     <span class='ocr_line' id='line_1_14' title="bbox 219 1619 1164 1706; baseline -0.002 -18"><span class='ocrx_word' id='word_1_106' title='bbox 219 1625 340 1705; x_wconf 80' lang='grc' dir='ltr'>μέλλον</span> <span class='ocrx_word' id='word_1_107' title='bbox 353 1622 578 1706; x_wconf 81' lang='grc' dir='ltr'>προορώμενος,</span> <span class='ocrx_word' id='word_1_108' title='bbox 594 1621 648 1687; x_wconf 85' lang='grc' dir='ltr'>καὶ</span> <span class='ocrx_word' id='word_1_109' title='bbox 668 1621 861 1702; x_wconf 82' lang='grc' dir='ltr'>βουλόμενος</span> <span class='ocrx_word' id='word_1_110' title='bbox 880 1619 978 1702; x_wconf 73' lang='grc' dir='ltr'>σἰγῶνι</span> <span class='ocrx_word' id='word_1_111' title='bbox 998 1620 1051 1687; x_wconf 90' lang='grc' dir='ltr'>καὶ</span> <span class='ocrx_word' id='word_1_112' title='bbox 1067 1621 1164 1686; x_wconf 87' lang='grc' dir='ltr'>δικα-</span> 
     </span>
     <span class='ocr_line' id='line_1_15' title="bbox 220 1721 1164 1810; baseline 0 -21"><span class='ocrx_word' id='word_1_113' title='bbox 220 1725 339 1810; x_wconf 77' lang='grc' dir='ltr'>στηρίῳ</span> <span class='ocrx_word' id='word_1_114' title='bbox 353 1751 408 1808; x_wconf 91' lang='grc' dir='ltr'>μοι</span> <span class='ocrx_word' id='word_1_115' title='bbox 427 1724 591 1810; x_wconf 91' lang='grc' dir='ltr'>διωρίσθαι</span> <span class='ocrx_word' id='word_1_116' title='bbox 611 1722 686 1809; x_wconf 88' lang='grc' dir='ltr'>παρ’</span> <span class='ocrx_word' id='word_1_117' title='bbox 702 1721 773 1804; x_wconf 83' lang='grc' dir='ltr'>ὑμῖν</span> <span class='ocrx_word' id='word_1_118' title='bbox 789 1721 837 1788; x_wconf 79' lang='grc' dir='ltr'>ύτι</span> <span class='ocrx_word' id='word_1_119' title='bbox 851 1721 1001 1788; x_wconf 87' lang='grc' dir='ltr'>τάναντία</span> <span class='ocrx_word' id='word_1_120' title='bbox 1015 1722 1086 1805; x_wconf 88' lang='grc' dir='ltr'>ἐμοὶ</span> <span class='ocrx_word' id='word_1_121' title='bbox 1099 1725 1164 1789; x_wconf 85' lang='grc' dir='ltr'>καὶ</span> 
     </span>
    </p>

    <p class='ocr_par' dir='ltr' id='par_1_4' title="bbox 152 1824 1246 1911">
     <span class='ocr_line' id='line_1_16' title="bbox 152 1824 1246 1911; baseline -0.003 -21"><span class='ocrx_word' id='word_1_122' title='bbox 152 1837 209 1890; x_wconf 87' lang='lat'>224</span> <span class='ocrx_word' id='word_1_123' title='bbox 220 1825 340 1896; x_wconf 86' lang='grc' dir='ltr'>τούτοις</span> <span class='ocrx_word' id='word_1_124' title='bbox 361 1827 550 1910; x_wconf 85' lang='grc' dir='ltr'>πέπρακται.</span> <span class='ocrx_word' id='word_1_125' title='bbox 590 1826 644 1891; x_wconf 88' lang='grc' dir='ltr'>καὶ</span> <span class='ocrx_word' id='word_1_126' title='bbox 672 1827 803 1900; x_wconf 89' lang='grc' dir='ltr'>δέδοικα,</span> <span class='ocrx_word' id='word_1_127' title='bbox 830 1825 953 1890; x_wconf 85' lang='grc' dir='ltr'>δέδοικα</span> <span class='ocrx_word' id='word_1_128' title='bbox 981 1824 1163 1911; x_wconf 76' lang='grc' dir='ltr'>(εἰρήσεται</span> <span class='ocrx_word' id='word_1_129' title='bbox 1178 1833 1246 1901; x_wconf 88' lang='lat'>248</span> 
     </span>
    </p>

    <p class='ocr_par' dir='ltr' id='par_1_5' title="bbox 144 1924 1164 2014">
     <span class='ocr_line' id='line_1_17' title="bbox 144 1924 1164 2014; baseline 0.002 -26"><span class='ocrx_word' id='word_1_130' title='bbox 144 1939 203 1998; x_wconf 83' lang='lat'>411</span> <span class='ocrx_word' id='word_1_131' title='bbox 219 1925 280 2012; x_wconf 69' lang='grc' dir='ltr'>’γὰρ</span> <span class='ocrx_word' id='word_1_132' title='bbox 299 1924 305 2012; x_wconf 84' lang='grc' dir='ltr'>Ι</span> <span class='ocrx_word' id='word_1_133' title='bbox 322 1925 453 1992; x_wconf 79' lang='grc' dir='ltr'>πάνθ’ἰί</span> <span class='ocrx_word' id='word_1_134' title='bbox 472 1930 575 2014; x_wconf 87' lang='grc' dir='ltr'>φρονῶ</span> <span class='ocrx_word' id='word_1_135' title='bbox 597 1925 674 2011; x_wconf 85' lang='grc' dir='ltr'>πρὸς</span> <span class='ocrx_word' id='word_1_136' title='bbox 692 1925 781 2009; x_wconf 81' lang='grc' dir='ltr'>ὑμῶς)</span> <span class='ocrx_word' id='word_1_137' title='bbox 803 1925 847 2008; x_wconf 82' lang='grc' dir='ltr'>μὴ</span> <span class='ocrx_word' id='word_1_138' title='bbox 868 1926 940 1990; x_wconf 83' lang='grc' dir='ltr'>τότε</span> <span class='ocrx_word' id='word_1_139' title='bbox 959 1925 1016 2008; x_wconf 86' lang='grc' dir='ltr'>μὲν</span> <span class='ocrx_word' id='word_1_140' title='bbox 1031 1925 1164 1996; x_wconf 84' lang='grc' dir='ltr'>τούτοις</span> 
     </span>
    </p>
   </div>
   <div class='ocr_carea' id='block_1_2' title="bbox 218 2121 1163 2375">
    <p class='ocr_par' dir='ltr' id='par_1_6' title="bbox 218 2121 1163 2375">
     <span class='ocr_line' id='line_1_18' title="bbox 253 2121 1163 2184; baseline 0.003 -14"><span class='ocrx_word' id='word_1_141' title='bbox 253 2121 352 2182; x_wconf 65' lang='grc' dir='ltr'><strong>’ἓ246.</strong></span> <span class='ocrx_word' id='word_1_142' title='bbox 385 2121 447 2170; x_wconf 85' lang='lat' dir='ltr'>Post</span> <span class='ocrx_word' id='word_1_143' title='bbox 465 2121 646 2184; x_wconf 80' lang='grc' dir='ltr'>τιμηθήσεσθαι,</span> <span class='ocrx_word' id='word_1_144' title='bbox 674 2124 714 2171; x_wconf 84' lang='grc' dir='ltr'>καί</span> <span class='ocrx_word' id='word_1_145' title='bbox 738 2124 811 2171; x_wconf 82' lang='grc' dir='ltr'>πλέον</span> <span class='ocrx_word' id='word_1_146' title='bbox 831 2124 889 2182; x_wconf 75' lang='grc' dir='ltr'>ἕξειν</span> <span class='ocrx_word' id='word_1_147' title='bbox 907 2125 955 2171; x_wconf 88' lang='grc' dir='ltr'>τῶν</span> <span class='ocrx_word' id='word_1_148' title='bbox 972 2124 1070 2172; x_wconf 83' lang='grc' dir='ltr'>πολλῶν</span> <span class='ocrx_word' id='word_1_149' title='bbox 1091 2129 1163 2175; x_wconf 72' lang='grc' dir='ltr'>κατὰ</span> 
     </span>
     <span class='ocr_line' id='line_1_19' title="bbox 219 2185 1161 2236; baseline 0.001 -1"><span class='ocrx_word' id='word_1_150' title='bbox 219 2187 291 2235; x_wconf 85' lang='grc' dir='ltr'>τοῦτο</span> <span class='ocrx_word' id='word_1_151' title='bbox 301 2185 357 2235; x_wconf 86' lang='lat' dir='ltr'>add.</span> <span class='ocrx_word' id='word_1_152' title='bbox 376 2187 400 2236; x_wconf 82' lang='lat' dir='ltr'>k</span> <span class='ocrx_word' id='word_1_153' title='bbox 415 2201 435 2236; x_wconf 94' lang='lat' dir='ltr'>r.</span> <span class='ocrx_word' id='word_1_154' title='bbox 450 2200 470 2234; x_wconf 93' lang='lat' dir='ltr'>s.</span> <span class='ocrx_word' id='word_1_155' title='bbox 482 2189 544 2235; x_wconf 84' lang='lat' dir='ltr'>vett.</span> <span class='ocrx_word' id='word_1_156' title='bbox 561 2186 625 2236; x_wconf 80' lang='lat' dir='ltr'>Edd</span> <span class='ocrx_word' id='word_1_157' title='bbox 663 2185 737 2234; x_wconf 83' lang='lat' dir='ltr'>“Vix</span> <span class='ocrx_word' id='word_1_158' title='bbox 748 2186 866 2234; x_wconf 77' lang='lat' dir='ltr'><strong>damnem</strong></span> <span class='ocrx_word' id='word_1_159' title='bbox 877 2186 940 2234; x_wconf 82' lang='lat' dir='ltr'>haec</span> <span class='ocrx_word' id='word_1_160' title='bbox 950 2187 1041 2236; x_wconf 79' lang='lat' dir='ltr'>verba:</span> <span class='ocrx_word' id='word_1_161' title='bbox 1064 2187 1161 2236; x_wconf 84' lang='lat' dir='ltr'>viden-</span> 
     </span>
     <span class='ocr_line' id='line_1_20' title="bbox 218 2248 1161 2312; baseline 0.003 -14"><span class='ocrx_word' id='word_1_162' title='bbox 218 2253 309 2311; x_wconf 88' lang='lat' dir='ltr'>turque</span> <span class='ocrx_word' id='word_1_163' title='bbox 331 2250 421 2311; x_wconf 87' lang='lat' dir='ltr'>quibus</span> <span class='ocrx_word' id='word_1_164' title='bbox 443 2251 472 2298; x_wconf 91' lang='lat' dir='ltr'>in</span> <span class='ocrx_word' id='word_1_165' title='bbox 493 2250 566 2298; x_wconf 91' lang='lat' dir='ltr'>libris</span> <span class='ocrx_word' id='word_1_166' title='bbox 589 2248 681 2297; x_wconf 88' lang='lat' dir='ltr'>desunt</span> <span class='ocrx_word' id='word_1_167' title='bbox 703 2251 735 2298; x_wconf 94' lang='lat' dir='ltr'>ob</span> <span class='ocrx_word' id='word_1_168' title='bbox 758 2250 979 2299; x_wconf 76' lang='lat' dir='ltr'>homoeoteleuton</span> <span class='ocrx_word' id='word_1_169' title='bbox 1004 2251 1161 2312; x_wconf 82' lang='lat' dir='ltr'>excidissa,¹&#39;</span> 
     </span>
     <span class='ocr_line' id='line_1_21' title="bbox 219 2313 1014 2375; baseline -0.001 -11"><span class='ocrx_word' id='word_1_170' title='bbox 219 2313 324 2366; x_wconf 73' lang='lat' dir='ltr'><strong>flamm.</strong></span> <span class='ocrx_word' id='word_1_171' title='bbox 359 2315 471 2372; x_wconf 78' lang='lat' dir='ltr'>Habent,</span> <span class='ocrx_word' id='word_1_172' title='bbox 483 2316 513 2362; x_wconf 90' lang='lat' dir='ltr'>ut</span> <span class='ocrx_word' id='word_1_173' title='bbox 523 2313 630 2375; x_wconf 86' lang='lat' dir='ltr'>videtur,</span> <span class='ocrx_word' id='word_1_174' title='bbox 644 2313 685 2362; x_wconf 75' lang='lat' dir='ltr'>Al.</span> <span class='ocrx_word' id='word_1_175' title='bbox 697 2313 737 2364; x_wconf 55' lang='grc' dir='ltr'>Αἱ</span> <span class='ocrx_word' id='word_1_176' title='bbox 750 2316 775 2362; x_wconf 85' lang='lat' dir='ltr'>et</span> <span class='ocrx_word' id='word_1_177' title='bbox 786 2314 906 2363; x_wconf 79' lang='lat' dir='ltr'><strong>Lambini</strong></span> <span class='ocrx_word' id='word_1_178' title='bbox 917 2329 1014 2363; x_wconf 85' lang='lat' dir='ltr'>omnes.</span> 
     </span>
    </p>
   </div>
   <div class='ocr_carea' id='block_1_3' title="bbox 220 2421 1161 2632">
    <p class='ocr_par' dir='ltr' id='par_1_7' title="bbox 220 2421 1161 2632">
     <span class='ocr_line' id='line_1_22' title="bbox 266 2421 1160 2505; baseline 0.003 -14"><span class='ocrx_word' id='word_1_179' title='bbox 266 2442 345 2503; x_wconf 69' lang='lat'>5247.</span> <span class='ocrx_word' id='word_1_180' title='bbox 381 2422 420 2491; x_wconf 78' lang='grc' dir='ltr'>κάι</span> <span class='ocrx_word' id='word_1_181' title='bbox 436 2423 475 2502; x_wconf 75' lang='grc' dir='ltr'>ίίίι</span> <span class='ocrx_word' id='word_1_182' title='bbox 492 2421 633 2504; x_wconf 77' lang='grc' dir='ltr'>δικίἰστηριῳ</span> <span class='ocrx_word' id='word_1_183' title='bbox 651 2441 677 2491; x_wconf 80' lang='lat' dir='ltr'>S.</span> <span class='ocrx_word' id='word_1_184' title='bbox 693 2441 794 2490; x_wconf 84' lang='lat' dir='ltr'>lineolis</span> <span class='ocrx_word' id='word_1_185' title='bbox 805 2441 901 2490; x_wconf 84' lang='lat' dir='ltr'>ordinis</span> <span class='ocrx_word' id='word_1_186' title='bbox 911 2440 1072 2504; x_wconf 85' lang='lat' dir='ltr'>restituendi,</span> <span class='ocrx_word' id='word_1_187' title='bbox 1087 2457 1160 2505; x_wconf 81' lang='lat' dir='ltr'>quas</span> 
     </span>
     <span class='ocr_line' id='line_1_23' title="bbox 220 2504 957 2568; baseline -0.001 -13"><span class='ocrx_word' id='word_1_188' title='bbox 220 2504 282 2555; x_wconf 83' lang='lat' dir='ltr'>olibi</span> <span class='ocrx_word' id='word_1_189' title='bbox 292 2521 345 2555; x_wconf 92' lang='lat' dir='ltr'>non</span> <span class='ocrx_word' id='word_1_190' title='bbox 354 2521 412 2554; x_wconf 88' lang='lat' dir='ltr'>raro</span> <span class='ocrx_word' id='word_1_191' title='bbox 424 2520 487 2568; x_wconf 85' lang='lat' dir='ltr'>apr.</span> <span class='ocrx_word' id='word_1_192' title='bbox 501 2521 536 2553; x_wconf 91' lang='lat' dir='ltr'>m.</span> <span class='ocrx_word' id='word_1_193' title='bbox 549 2509 617 2564; x_wconf 90' lang='lat' dir='ltr'>sunt,</span> <span class='ocrx_word' id='word_1_194' title='bbox 629 2505 671 2554; x_wconf 90' lang='lat' dir='ltr'>hio</span> <span class='ocrx_word' id='word_1_195' title='bbox 683 2520 705 2556; x_wconf 86' lang='lat' dir='ltr'>a.</span> <span class='ocrx_word' id='word_1_196' title='bbox 716 2521 751 2553; x_wconf 91' lang='lat' dir='ltr'>m.</span> <span class='ocrx_word' id='word_1_197' title='bbox 763 2520 811 2554; x_wconf 90' lang='lat' dir='ltr'>reo.</span> <span class='ocrx_word' id='word_1_198' title='bbox 823 2505 957 2566; x_wconf 73' lang='lat' dir='ltr'>impositis.</span> 
     </span>
     <span class='ocr_line' id='line_1_24' title="bbox 266 2569 1161 2632; baseline 0.007 -14"><span class='ocrx_word' id='word_1_199' title='bbox 266 2570 343 2630; x_wconf 56' lang='lat'>§248</span> <span class='ocrx_word' id='word_1_200' title='bbox 379 2572 439 2619; x_wconf 92' lang='lat' dir='ltr'>Post</span> <span class='ocrx_word' id='word_1_201' title='bbox 460 2569 524 2628; x_wconf 75' lang='lat' dir='ltr'>rire,</span> <span class='ocrx_word' id='word_1_202' title='bbox 538 2587 568 2630; x_wconf 76' lang='lat' dir='ltr'>pe</span> <span class='ocrx_word' id='word_1_203' title='bbox 584 2588 622 2632; x_wconf 77' lang='grc' dir='ltr'>γρ,</span> <span class='ocrx_word' id='word_1_204' title='bbox 637 2569 662 2620; x_wconf 80' lang='lat' dir='ltr'>S.</span> <span class='ocrx_word' id='word_1_205' title='bbox 682 2571 776 2618; x_wconf 87' lang='lat' dir='ltr'>omisso</span> <span class='ocrx_word' id='word_1_206' title='bbox 792 2583 851 2618; x_wconf 85' lang='lat' dir='ltr'>mox</span> <span class='ocrx_word' id='word_1_207' title='bbox 869 2570 1028 2631; x_wconf 74' lang='lat' dir='ltr'>pronomine,</span> <span class='ocrx_word' id='word_1_208' title='bbox 1060 2571 1161 2624; x_wconf 81' lang='grc' dir='ltr'>τούτοις</span> 
     </span>
    </p>
   </div>
   <div class='ocr_carea' id='block_1_4' title="bbox 216 2753 657 3782">
    <p class='ocr_par' dir='ltr' id='par_1_8' title="bbox 216 2753 657 3393">
     <span class='ocr_line' id='line_1_25' title="bbox 219 2753 656 2816; baseline 0.002 -13"><span class='ocrx_word' id='word_1_209' title='bbox 219 2753 311 2803; x_wconf 86' lang='lat' dir='ltr'>should</span> <span class='ocrx_word' id='word_1_210' title='bbox 320 2755 367 2804; x_wconf 91' lang='lat' dir='ltr'>not</span> <span class='ocrx_word' id='word_1_211' title='bbox 381 2753 446 2802; x_wconf 84' lang='lat' dir='ltr'>have</span> <span class='ocrx_word' id='word_1_212' title='bbox 457 2754 552 2816; x_wconf 84' lang='lat' dir='ltr'>spoken</span> <span class='ocrx_word' id='word_1_213' title='bbox 568 2755 656 2804; x_wconf 85' lang='lat' dir='ltr'>doubt</span> 
     </span>
     <span class='ocr_line' id='line_1_26' title="bbox 218 2817 654 2882; baseline 0.007 -16"><span class='ocrx_word' id='word_1_214' title='bbox 218 2817 400 2879; x_wconf 71' lang='lat' dir='ltr'>ingly.--xaz</span> <span class='ocrx_word' id='word_1_215' title='bbox 412 2821 467 2869; x_wconf 82' lang='grc' dir='ltr'>τούς</span> <span class='ocrx_word' id='word_1_216' title='bbox 477 2821 519 2878; x_wconf 74' lang='grc' dir='ltr'>μὲν</span> <span class='ocrx_word' id='word_1_217' title='bbox 533 2822 594 2882; x_wconf 87' lang='grc' dir='ltr'>αἱχμ</span> <span class='ocrx_word' id='word_1_218' title='bbox 596 2858 654 2869; x_wconf 89' lang='grc'><em>......</em></span> 
     </span>
     <span class='ocr_line' id='line_1_27' title="bbox 219 2880 657 2945; baseline 0.002 -14"><span class='ocrx_word' id='word_1_219' title='bbox 219 2881 351 2945; x_wconf 81' lang='grc' dir='ltr'>λαμβάνειν</span> <span class='ocrx_word' id='word_1_220' title='bbox 358 2880 376 2945; x_wconf 93' lang='grc'>;]</span> <span class='ocrx_word' id='word_1_221' title='bbox 402 2882 484 2930; x_wconf 84' lang='lat' dir='ltr'>“And</span> <span class='ocrx_word' id='word_1_222' title='bbox 497 2897 531 2930; x_wconf 88' lang='lat' dir='ltr'>on</span> <span class='ocrx_word' id='word_1_223' title='bbox 547 2884 592 2932; x_wconf 85' lang='lat' dir='ltr'>the</span> <span class='ocrx_word' id='word_1_224' title='bbox 609 2898 657 2932; x_wconf 85' lang='lat' dir='ltr'>one</span> 
     </span>
     <span class='ocr_line' id='line_1_28' title="bbox 218 2945 656 3008; baseline 0 -13"><span class='ocrx_word' id='word_1_225' title='bbox 218 2945 288 2995; x_wconf 81' lang='lat' dir='ltr'>haud</span> <span class='ocrx_word' id='word_1_226' title='bbox 309 2947 337 2994; x_wconf 91' lang='lat' dir='ltr'>to</span> <span class='ocrx_word' id='word_1_227' title='bbox 357 2960 461 2994; x_wconf 88' lang='lat' dir='ltr'>ransom</span> <span class='ocrx_word' id='word_1_228' title='bbox 480 2945 525 2994; x_wconf 85' lang='lat' dir='ltr'>the</span> <span class='ocrx_word' id='word_1_229' title='bbox 545 2947 656 3008; x_wconf 85' lang='lat' dir='ltr'>captivas</span> 
     </span>
     <span class='ocr_line' id='line_1_29' title="bbox 218 3011 655 3072; baseline 0.002 -14"><span class='ocrx_word' id='word_1_230' title='bbox 218 3011 263 3059; x_wconf 90' lang='lat' dir='ltr'>out</span> <span class='ocrx_word' id='word_1_231' title='bbox 274 3011 302 3058; x_wconf 73' lang='grc' dir='ltr'>οἰ</span> <span class='ocrx_word' id='word_1_232' title='bbox 314 3025 359 3072; x_wconf 79' lang='lat' dir='ltr'>my</span> <span class='ocrx_word' id='word_1_233' title='bbox 369 3025 425 3058; x_wconf 88' lang='lat' dir='ltr'>own</span> <span class='ocrx_word' id='word_1_234' title='bbox 439 3024 568 3059; x_wconf 86' lang='lat' dir='ltr'>resouroes</span> <span class='ocrx_word' id='word_1_235' title='bbox 585 3013 612 3060; x_wconf 91' lang='lat' dir='ltr'>at</span> <span class='ocrx_word' id='word_1_236' title='bbox 627 3025 655 3059; x_wconf 88' lang='lat' dir='ltr'>so</span> 
     </span>
     <span class='ocr_line' id='line_1_30' title="bbox 217 3073 656 3136; baseline 0 -12"><span class='ocrx_word' id='word_1_237' title='bbox 217 3076 285 3136; x_wconf 84' lang='lat' dir='ltr'>large</span> <span class='ocrx_word' id='word_1_238' title='bbox 307 3089 322 3124; x_wconf 85' lang='lat' dir='ltr'>a</span> <span class='ocrx_word' id='word_1_239' title='bbox 340 3073 418 3136; x_wconf 88' lang='lat' dir='ltr'>price,</span> <span class='ocrx_word' id='word_1_240' title='bbox 434 3073 485 3122; x_wconf 84' lang='lat' dir='ltr'>and</span> <span class='ocrx_word' id='word_1_241' title='bbox 501 3077 544 3136; x_wconf 77' lang='lat' dir='ltr'>yet</span> <span class='ocrx_word' id='word_1_242' title='bbox 561 3090 594 3123; x_wconf 91' lang='lat' dir='ltr'>on</span> <span class='ocrx_word' id='word_1_243' title='bbox 611 3075 656 3124; x_wconf 91' lang='lat' dir='ltr'>the</span> 
     </span>
     <span class='ocr_line' id='line_1_31' title="bbox 218 3139 656 3200; baseline 0 -12"><span class='ocrx_word' id='word_1_244' title='bbox 218 3139 292 3188; x_wconf 84' lang='lat' dir='ltr'>other</span> <span class='ocrx_word' id='word_1_245' title='bbox 314 3142 342 3188; x_wconf 92' lang='lat' dir='ltr'>to</span> <span class='ocrx_word' id='word_1_246' title='bbox 364 3141 451 3200; x_wconf 83' lang='lat' dir='ltr'>expect</span> <span class='ocrx_word' id='word_1_247' title='bbox 468 3141 495 3187; x_wconf 88' lang='lat' dir='ltr'>to</span> <span class='ocrx_word' id='word_1_248' title='bbox 518 3141 613 3188; x_wconf 83' lang='lat' dir='ltr'>receive</span> <span class='ocrx_word' id='word_1_249' title='bbox 640 3153 656 3188; x_wconf 86' lang='lat' dir='ltr'>a</span> 
     </span>
     <span class='ocr_line' id='line_1_32' title="bbox 218 3202 654 3264; baseline -0.002 -12"><span class='ocrx_word' id='word_1_250' title='bbox 218 3204 293 3253; x_wconf 85' lang='lat' dir='ltr'>small</span> <span class='ocrx_word' id='word_1_251' title='bbox 309 3217 367 3253; x_wconf 87' lang='lat' dir='ltr'>sum</span> <span class='ocrx_word' id='word_1_252' title='bbox 389 3202 566 3264; x_wconf 77' lang='lat' dir='ltr'>disgracaiully</span> <span class='ocrx_word' id='word_1_253' title='bbox 587 3203 654 3251; x_wconf 76' lang='lat' dir='ltr'>from</span> 
     </span>
     <span class='ocr_line' id='line_1_33' title="bbox 217 3266 656 3328; baseline 0.002 -13"><span class='ocrx_word' id='word_1_254' title='bbox 217 3267 295 3328; x_wconf 85' lang='lat' dir='ltr'>them,</span> <span class='ocrx_word' id='word_1_255' title='bbox 314 3266 493 3328; x_wconf 85' lang='lat' dir='ltr'>accompanied</span> <span class='ocrx_word' id='word_1_256' title='bbox 508 3267 570 3316; x_wconf 89' lang='lat' dir='ltr'>with</span> <span class='ocrx_word' id='word_1_257' title='bbox 589 3267 656 3316; x_wconf 85' lang='lat' dir='ltr'>their</span> 
     </span>
     <span class='ocr_line' id='line_1_34' title="bbox 216 3331 382 3393; baseline -0.006 -13"><span class='ocrx_word' id='word_1_258' title='bbox 216 3331 357 3393; x_wconf 80' lang='lat' dir='ltr'>hostility.’&#39;</span> <span class='ocrx_word' id='word_1_259' title='bbox 380 3359 382 3366; x_wconf 68' lang='lat'><em>,</em></span> 
     </span>
    </p>

    <p class='ocr_par' dir='ltr' id='par_1_9' title="bbox 216 3393 655 3711">
     <span class='ocr_line' id='line_1_35' title="bbox 250 3393 655 3455; baseline 0 -12"><span class='ocrx_word' id='word_1_260' title='bbox 250 3397 331 3455; x_wconf 70' lang='lat'>5246.</span> <span class='ocrx_word' id='word_1_261' title='bbox 365 3398 404 3444; x_wconf 81' lang='grc' dir='ltr'>καί</span> <span class='ocrx_word' id='word_1_262' title='bbox 423 3393 464 3444; x_wconf 85' lang='grc' dir='ltr'>ούκ</span> <span class='ocrx_word' id='word_1_263' title='bbox 478 3393 655 3445; x_wconf 74' lang='grc' dir='ltr'>ἀπαλλακτέον</span> 
     </span>
     <span class='ocr_line' id='line_1_36' title="bbox 217 3459 654 3521; baseline -0.002 -13"><span class='ocrx_word' id='word_1_264' title='bbox 217 3460 301 3520; x_wconf 77' lang='grc' dir='ltr'>κτλ]</span> <span class='ocrx_word' id='word_1_265' title='bbox 318 3464 334 3487; x_wconf 88' lang='grc'>“</span> <span class='ocrx_word' id='word_1_266' title='bbox 344 3459 402 3507; x_wconf 84' lang='lat' dir='ltr'>And</span> <span class='ocrx_word' id='word_1_267' title='bbox 418 3459 476 3508; x_wconf 89' lang='lat' dir='ltr'>that</span> <span class='ocrx_word' id='word_1_268' title='bbox 491 3459 596 3521; x_wconf 80' lang='lat' dir='ltr'>Iought</span> <span class='ocrx_word' id='word_1_269' title='bbox 609 3461 654 3508; x_wconf 90' lang='lat' dir='ltr'>not</span> 
     </span>
     <span class='ocr_line' id='line_1_37' title="bbox 216 3522 654 3584; baseline 0.007 -15"><span class='ocrx_word' id='word_1_270' title='bbox 216 3525 244 3570; x_wconf 93' lang='lat' dir='ltr'>to</span> <span class='ocrx_word' id='word_1_271' title='bbox 254 3522 340 3569; x_wconf 86' lang='lat' dir='ltr'>barter</span> <span class='ocrx_word' id='word_1_272' title='bbox 349 3537 393 3584; x_wconf 84' lang='lat' dir='ltr'>my</span> <span class='ocrx_word' id='word_1_273' title='bbox 404 3523 521 3572; x_wconf 88' lang='lat' dir='ltr'>laudabls</span> <span class='ocrx_word' id='word_1_274' title='bbox 530 3523 654 3572; x_wconf 89' lang='lat' dir='ltr'>ambition</span> 
     </span>
     <span class='ocr_line' id='line_1_38' title="bbox 217 3583 655 3650; baseline 0.009 -18"><span class='ocrx_word' id='word_1_275' title='bbox 217 3583 269 3633; x_wconf 89' lang='lat' dir='ltr'>and</span> <span class='ocrx_word' id='word_1_276' title='bbox 286 3585 373 3646; x_wconf 89' lang='lat' dir='ltr'>publio</span> <span class='ocrx_word' id='word_1_277' title='bbox 388 3587 462 3647; x_wconf 87' lang='lat' dir='ltr'>spirit</span> <span class='ocrx_word' id='word_1_278' title='bbox 483 3587 590 3637; x_wconf 78' lang='lat' dir='ltr'>towards</span> <span class='ocrx_word' id='word_1_279' title='bbox 604 3602 655 3650; x_wconf 76' lang='lat' dir='ltr'>you</span> 
     </span>
     <span class='ocr_line' id='line_1_39' title="bbox 217 3648 411 3711; baseline 0.005 -14"><span class='ocrx_word' id='word_1_280' title='bbox 217 3648 256 3698; x_wconf 80' lang='lat' dir='ltr'>ior</span> <span class='ocrx_word' id='word_1_281' title='bbox 267 3661 318 3709; x_wconf 83' lang='lat' dir='ltr'>any</span> <span class='ocrx_word' id='word_1_282' title='bbox 328 3649 411 3711; x_wconf 56' lang='grc' dir='ltr'>τουτί’</span> 
     </span>
    </p>

    <p class='ocr_par' dir='ltr' id='par_1_10' title="bbox 248 3711 657 3782">
     <span class='ocr_line' id='line_1_40' title="bbox 248 3711 657 3782; baseline 0.007 -21"><span class='ocrx_word' id='word_1_283' title='bbox 248 3711 330 3775; x_wconf 69' lang='lat' dir='ltr'>sals.</span> <span class='ocrx_word' id='word_1_284' title='bbox 361 3715 407 3763; x_wconf 75' lang='lat' dir='ltr'>cdv</span> <span class='ocrx_word' id='word_1_285' title='bbox 423 3715 486 3764; x_wconf 83' lang='grc' dir='ltr'>ἰδίων</span> <span class='ocrx_word' id='word_1_286' title='bbox 506 3716 657 3782; x_wconf 81' lang='grc' dir='ltr'>φιλοτιμιῶν]</span> 
     </span>
    </p>
   </div>
   <div class='ocr_carea' id='block_1_5' title="bbox 710 2754 1160 3778">
    <p class='ocr_par' dir='ltr' id='par_1_11' title="bbox 710 2754 1160 3713">
     <span class='ocr_line' id='line_1_41' title="bbox 714 2754 1160 2820; baseline 0.007 -18"><span class='ocrx_word' id='word_1_287' title='bbox 714 2755 769 2802; x_wconf 80' lang='lat' dir='ltr'>&#39;Phe</span> <span class='ocrx_word' id='word_1_288' title='bbox 796 2755 883 2804; x_wconf 74' lang='lat' dir='ltr'>cffeots</span> <span class='ocrx_word' id='word_1_289' title='bbox 903 2754 1030 2818; x_wconf 76' lang='lat' dir='ltr'>(towards)</span> <span class='ocrx_word' id='word_1_290' title='bbox 1055 2755 1083 2803; x_wconf 81' lang='lat' dir='ltr'>ol</span> <span class='ocrx_word' id='word_1_291' title='bbox 1108 2769 1160 2820; x_wconf 84' lang='lat' dir='ltr'>my</span> 
     </span>
     <span class='ocr_line' id='line_1_42' title="bbox 713 2818 1158 2880; baseline 0.007 -13"><span class='ocrx_word' id='word_1_292' title='bbox 713 2819 798 2880; x_wconf 88' lang='lat' dir='ltr'>publio</span> <span class='ocrx_word' id='word_1_293' title='bbox 815 2819 890 2879; x_wconf 87' lang='lat' dir='ltr'>spirit</span> <span class='ocrx_word' id='word_1_294' title='bbox 911 2819 963 2867; x_wconf 91' lang='lat' dir='ltr'>and</span> <span class='ocrx_word' id='word_1_295' title='bbox 984 2818 1074 2867; x_wconf 87' lang='lat' dir='ltr'>liberal</span> <span class='ocrx_word' id='word_1_296' title='bbox 1093 2834 1158 2870; x_wconf 87' lang='lat' dir='ltr'>con·</span> 
     </span>
     <span class='ocr_line' id='line_1_43' title="bbox 713 2882 1158 2946; baseline 0.009 -16"><span class='ocrx_word' id='word_1_297' title='bbox 713 2884 772 2931; x_wconf 93' lang='lat' dir='ltr'>duct</span> <span class='ocrx_word' id='word_1_298' title='bbox 801 2883 924 2946; x_wconf 86' lang='lat' dir='ltr'>(alluding</span> <span class='ocrx_word' id='word_1_299' title='bbox 944 2882 1054 2945; x_wconf 85' lang='lat' dir='ltr'>perhaps</span> <span class='ocrx_word' id='word_1_300' title='bbox 1081 2897 1158 2934; x_wconf 84' lang='lat' dir='ltr'>more</span> 
     </span>
     <span class='ocr_line' id='line_1_44' title="bbox 712 2946 1158 3009; baseline 0.009 -14"><span class='ocrx_word' id='word_1_301' title='bbox 712 2947 848 3009; x_wconf 74' lang='lat' dir='ltr'>especially</span> <span class='ocrx_word' id='word_1_302' title='bbox 858 2949 886 2994; x_wconf 91' lang='lat' dir='ltr'>to</span> <span class='ocrx_word' id='word_1_303' title='bbox 895 2946 937 2995; x_wconf 86' lang='lat' dir='ltr'>his</span> <span class='ocrx_word' id='word_1_304' title='bbox 948 2961 1052 2995; x_wconf 87' lang='lat' dir='ltr'>ransom</span> <span class='ocrx_word' id='word_1_305' title='bbox 1063 2948 1090 2996; x_wconf 81' lang='lat' dir='ltr'>of</span> <span class='ocrx_word' id='word_1_306' title='bbox 1106 2949 1158 2999; x_wconf 83' lang='lat' dir='ltr'>the</span> 
     </span>
     <span class='ocr_line' id='line_1_45' title="bbox 712 3009 1156 3072; baseline 0.007 -13"><span class='ocrx_word' id='word_1_307' title='bbox 712 3011 831 3072; x_wconf 85' lang='lat' dir='ltr'>captives,</span> <span class='ocrx_word' id='word_1_308' title='bbox 839 3024 880 3059; x_wconf 90' lang='lat' dir='ltr'>see</span> <span class='ocrx_word' id='word_1_309' title='bbox 891 3011 949 3072; x_wconf 54' lang='lat' dir='ltr'>§da</span> <span class='ocrx_word' id='word_1_310' title='bbox 959 3010 1004 3058; x_wconf 89' lang='lat' dir='ltr'>but</span> <span class='ocrx_word' id='word_1_311' title='bbox 1015 3009 1044 3058; x_wconf 89' lang='lat' dir='ltr'>in</span> <span class='ocrx_word' id='word_1_312' title='bbox 1055 3025 1071 3060; x_wconf 89' lang='lat' dir='ltr'>a</span> <span class='ocrx_word' id='word_1_313' title='bbox 1081 3026 1156 3062; x_wconf 86' lang='lat' dir='ltr'>mora</span> 
     </span>
     <span class='ocr_line' id='line_1_46' title="bbox 711 3074 1159 3204; baseline 0.002 -17"><span class='ocrx_word' id='word_1_314' title='bbox 711 3074 1021 3187; x_wconf 59' lang='grc' dir='ltr'>θὲἰίθίἓθῗέθίί</span> <span class='ocrx_word' id='word_1_315' title='bbox 1044 3075 1159 3204; x_wconf 64' lang='lat' dir='ltr'>ttt</span> 
     </span>
     <span class='ocr_line' id='line_1_47' title="bbox 712 3203 1154 3268; baseline -0.002 -16"><span class='ocrx_word' id='word_1_316' title='bbox 712 3203 809 3261; x_wconf 76' lang='grc' dir='ltr'>ιίιαπίιι,</span> <span class='ocrx_word' id='word_1_317' title='bbox 820 3205 860 3252; x_wconf 77' lang='lat' dir='ltr'>tlte</span> <span class='ocrx_word' id='word_1_318' title='bbox 872 3205 978 3264; x_wconf 76' lang='lat' dir='ltr'>bouquet</span> <span class='ocrx_word' id='word_1_319' title='bbox 994 3204 1023 3250; x_wconf 81' lang='grc' dir='ltr'>ἰη</span> <span class='ocrx_word' id='word_1_320' title='bbox 1034 3205 1075 3251; x_wconf 78' lang='lat' dir='ltr'>tte</span> <span class='ocrx_word' id='word_1_321' title='bbox 1086 3205 1154 3268; x_wconf 77' lang='lat' dir='ltr'>Pry-</span> 
     </span>
     <span class='ocr_line' id='line_1_48' title="bbox 712 3265 1155 3329; baseline 0.002 -14"><span class='ocrx_word' id='word_1_322' title='bbox 712 3273 811 3315; x_wconf 80' lang='lat' dir='ltr'>tcccam</span> <span class='ocrx_word' id='word_1_323' title='bbox 831 3269 855 3329; x_wconf 63' lang='grc' dir='ltr'>(ἕ</span> <span class='ocrx_word' id='word_1_324' title='bbox 867 3268 907 3324; x_wconf 82' lang='grc'>35,</span> <span class='ocrx_word' id='word_1_325' title='bbox 920 3269 933 3325; x_wconf 68' lang='grc' dir='ltr'><strong>ξ</strong></span> <span class='ocrx_word' id='word_1_326' title='bbox 945 3266 997 3329; x_wconf 86' lang='grc'>36),</span> <span class='ocrx_word' id='word_1_327' title='bbox 1008 3265 1061 3314; x_wconf 85' lang='lat' dir='ltr'>and</span> <span class='ocrx_word' id='word_1_328' title='bbox 1076 3267 1155 3316; x_wconf 85' lang='lat' dir='ltr'>other</span> 
     </span>
     <span class='ocr_line' id='line_1_49' title="bbox 710 3329 1154 3392; baseline 0.002 -13"><span class='ocrx_word' id='word_1_329' title='bbox 710 3329 824 3379; x_wconf 84' lang='lat' dir='ltr'>honours</span> <span class='ocrx_word' id='word_1_330' title='bbox 834 3333 937 3392; x_wconf 82' lang='lat' dir='ltr'>present</span> <span class='ocrx_word' id='word_1_331' title='bbox 951 3329 1001 3377; x_wconf 84' lang='lat' dir='ltr'>and</span> <span class='ocrx_word' id='word_1_332' title='bbox 1011 3329 1106 3392; x_wconf 81' lang='lat' dir='ltr'>future,</span> <span class='ocrx_word' id='word_1_333' title='bbox 1123 3332 1154 3380; x_wconf 89' lang='lat' dir='ltr'>in</span> 
     </span>
     <span class='ocr_line' id='line_1_50' title="bbox 711 3393 1153 3456; baseline 0.005 -14"><span class='ocrx_word' id='word_1_334' title='bbox 711 3409 882 3456; x_wconf 78' lang='lat' dir='ltr'>consequence</span> <span class='ocrx_word' id='word_1_335' title='bbox 894 3395 920 3441; x_wconf 85' lang='lat' dir='ltr'>oi</span> <span class='ocrx_word' id='word_1_336' title='bbox 929 3393 973 3442; x_wconf 86' lang='lat' dir='ltr'>tha</span> <span class='ocrx_word' id='word_1_337' title='bbox 982 3395 1084 3454; x_wconf 85' lang='lat' dir='ltr'>general</span> <span class='ocrx_word' id='word_1_338' title='bbox 1095 3409 1153 3444; x_wconf 85' lang='lat' dir='ltr'>sus-</span> 
     </span>
     <span class='ocr_line' id='line_1_51' title="bbox 710 3455 1154 3520; baseline 0.007 -14"><span class='ocrx_word' id='word_1_339' title='bbox 710 3458 794 3520; x_wconf 90' lang='lat' dir='ltr'>picion</span> <span class='ocrx_word' id='word_1_340' title='bbox 806 3457 858 3506; x_wconf 92' lang='lat' dir='ltr'>and</span> <span class='ocrx_word' id='word_1_341' title='bbox 868 3455 964 3518; x_wconf 82' lang='lat' dir='ltr'>diegust</span> <span class='ocrx_word' id='word_1_342' title='bbox 974 3457 1056 3506; x_wconf 89' lang='lat' dir='ltr'>under</span> <span class='ocrx_word' id='word_1_343' title='bbox 1066 3457 1154 3509; x_wconf 86' lang='lat' dir='ltr'>which</span> 
     </span>
     <span class='ocr_line' id='line_1_52' title="bbox 710 3521 1153 3584; baseline 0.005 -13"><span class='ocrx_word' id='word_1_344' title='bbox 710 3522 755 3571; x_wconf 81' lang='lat' dir='ltr'>the</span> <span class='ocrx_word' id='word_1_345' title='bbox 773 3537 866 3584; x_wconf 84' lang='lat' dir='ltr'>envoys</span> <span class='ocrx_word' id='word_1_346' title='bbox 892 3523 935 3584; x_wconf 87' lang='lat' dir='ltr'>lay</span> <span class='ocrx_word' id='word_1_347' title='bbox 951 3521 1034 3581; x_wconf 82' lang='lat' dir='ltr'>owing</span> <span class='ocrx_word' id='word_1_348' title='bbox 1060 3523 1088 3570; x_wconf 91' lang='lat' dir='ltr'>to</span> <span class='ocrx_word' id='word_1_349' title='bbox 1103 3522 1153 3573; x_wconf 83' lang='lat' dir='ltr'>the</span> 
     </span>
     <span class='ocr_line' id='line_1_53' title="bbox 710 3585 1153 3648; baseline 0.007 -14"><span class='ocrx_word' id='word_1_350' title='bbox 710 3587 810 3648; x_wconf 84' lang='lat' dir='ltr'>bribery</span> <span class='ocrx_word' id='word_1_351' title='bbox 827 3586 878 3634; x_wconf 83' lang='lat' dir='ltr'>and</span> <span class='ocrx_word' id='word_1_352' title='bbox 895 3585 1042 3647; x_wconf 87' lang='lat' dir='ltr'>corruption</span> <span class='ocrx_word' id='word_1_353' title='bbox 1063 3586 1090 3634; x_wconf 83' lang='lat' dir='ltr'>ol</span> <span class='ocrx_word' id='word_1_354' title='bbox 1104 3586 1153 3637; x_wconf 83' lang='lat' dir='ltr'>the</span> 
     </span>
     <span class='ocr_line' id='line_1_54' title="bbox 710 3648 1077 3713; baseline 0.005 -15"><span class='ocrx_word' id='word_1_355' title='bbox 710 3652 809 3713; x_wconf 78' lang='lat' dir='ltr'>greater</span> <span class='ocrx_word' id='word_1_356' title='bbox 819 3652 876 3711; x_wconf 82' lang='lat' dir='ltr'>part</span> <span class='ocrx_word' id='word_1_357' title='bbox 887 3651 914 3698; x_wconf 81' lang='lat' dir='ltr'>ol</span> <span class='ocrx_word' id='word_1_358' title='bbox 924 3649 992 3698; x_wconf 88' lang='lat' dir='ltr'>their</span> <span class='ocrx_word' id='word_1_359' title='bbox 1001 3648 1077 3711; x_wconf 80' lang='lat' dir='ltr'>body.</span> 
     </span>
    </p>

    <p class='ocr_par' dir='ltr' id='par_1_12' title="bbox 741 3713 1152 3778">
     <span class='ocr_line' id='line_1_55' title="bbox 741 3713 1152 3778; baseline 0.005 -15"><span class='ocrx_word' id='word_1_360' title='bbox 741 3715 796 3767; x_wconf 82' lang='lat'>411.</span> <span class='ocrx_word' id='word_1_361' title='bbox 813 3715 896 3778; x_wconf 64' lang='lat'>5248.</span> <span class='ocrx_word' id='word_1_362' title='bbox 930 3713 1017 3763; x_wconf 80' lang='lat' dir='ltr'>“hest</span> <span class='ocrx_word' id='word_1_363' title='bbox 1036 3713 1152 3765; x_wconf 72' lang='lat' dir='ltr'>whereas</span> 
     </span>
    </p>
   </div>
   <div class='ocr_carea' id='block_1_6' title="bbox 0 0 1324 4204">
    <p class='ocr_par' dir='ltr' id='par_1_13' title="bbox 0 0 1324 4204">
     <span class='ocr_line' id='line_1_56' title="bbox 0 0 1324 4204; baseline 0 3"><span class='ocrx_word' id='word_1_364' title='bbox 0 0 1324 4204; x_wconf 95' lang='lat' dir='ltr'> </span> 
     </span>
    </p>
   </div>
  </div>
 </body>
</html>
